3292 5017
756 380 979 448 -34-

279 561 400 648 partim
413 562 476 645 ‘dm'
489 564 651 646 ἅρματος’,
664 561 785 646 partim
797 563 989 644 ‘perinanis’
1007 580 1065 627 eos
1079 560 1150 627 fieri
1166 558 1273 645 dicat3
1287 561 1453 648 posterius

280 669 415 734 tantum
450 688 556 751 genus
590 667 626 732 in
661 666 834 734 civitatem
866 666 1091 753 recipiendum
1127 688 1201 734 esse
1241 668 1372 735 statuit
1409 707 1452 716 -

280 773 423 840 Athenis
453 775 535 840 item
566 773 734 860 equestria
765 773 950 840 certamina
981 773 1098 840 diebus
1129 773 1330 859 quibusdam
1355 773 1453 841 iestis

281 884 359 947 acta
382 901 457 946 esse
480 902 548 946 non
573 900 656 967 opus
681 882 734 946 est
756 879 934 946 observari.

369 989 520 1071 Ἄγωνίας
543 990 656 1053 tamen
682 990 832 1071 ἄρχοντες
855 986 911 1054 vel
933 989 1116 1063 ἀθλοθέται,
1141 988 1197 1074 qui
1221 987 1278 1071 VI,
1293 987 1396 1054 7641)
1409 1009 1453 1054 ss,

280 1094 540 1173 constituuntur,
553 1094 612 1159 vix
624 1092 805 1180 quidquam
816 1093 946 1160 habent
961 1114 1137 1160 commune
1153 1115 1228 1161 cum
1244 1093 1452 1178 athlethetis,

281 1200 339 1288 qui
363 1200 479 1286 quinto
510 1221 642 1288 qnoque
673 1221 763 1266 anno
786 1201 1037 1267 Panathenaeis
1060 1199 1300 1287 praeparandis
1322 1199 1453 1284 magnis

281 1309 369 1373 sorte
402 1305 611 1372 ducebantur
620 1309 666 1391 3²⁸)
701 1309 801 1373 immo
837 1307 963 1374 recedit
991 1306 1088 1374 Plato
1123 1307 1167 1374 ab
1190 1308 1453 1374 Atheniensibus

279 1414 424 1479 maxime
442 1433 490 1496 eo,
508 1413 596 1500 quod
612 1413 695 1481 alios
711 1413 919 1481 athlethetes
935 1413 1022 1479 ludis
1038 1415 1184 1496 musicis,
1197 1413 1280 1480 alios
1292 1414 1454 1501 gymnicis

279 1523 316 1586 et
354 1519 564 1606 equestribus
599 1519 754 1586 curandis
787 1520 863 1586 vult
899 1522 1017 1604 creari3
1055 1520 1198 1587 Athenis
1232 1519 1346 1587 decem
1379 1519 1453 1587 illos

282 1625 491 1692 athlothetas
529 1628 747 1694 communiter
778 1629 886 1694 omnis
917 1627 1046 1711 generis
1078 1628 1264 1694 certamina
1292 1627 1329 1693 in
1365 1628 1454 1693 Pan·

282 1734 457 1799 athenaeis
468 1733 628 1801 instituta
644 1735 814 1801 curavisse
832 1736 1013 1817 constat.¹⁰)
1037 1733 1267 1817 Hermanni²⁰l
1285 1734 1454 1801 sententia

281 1838 435 1906 arbitrati
458 1840 634 1907 Platonem
665 1841 829 1908 rationem
861 1840 1069 1908 athlothetas
1093 1840 1310 1907 examinandi
1333 1839 1452 1924 (76513)

281 1967 325 2013 ex
348 1946 605 2013 Atheniensium
629 1970 694 2014 usu
725 1947 923 2035 depromere,
959 1948 1080 2034 quippe
1111 1949 1169 2033 qui
1192 1968 1249 2013 eos
1272 1968 1341 2013 non
1364 1951 1453 2013 sorte

283 2052 447 2136 duxerint,
472 2054 531 2121 sed
554 2056 749 2139 creaverim,
781 2054 904 2121 diserto
927 2054 1117 2121 Aristotelis
1140 2055 1333 2120 testimonio
1356 2053 1454 2120 facile

281 2147 458 2245 refutatur,
483 2160 571 2227 unde
594 2165 799 2249 compertum
821 2162 986 2228 habemus
1010 2156 1152 2228 Athenis
1175 2160 1257 2227 illud
1280 2160 1454 2245 collegium

282 2268 394 2354 potius
417 2270 507 2334 sorte
530 2289 605 2335 esse
628 2270 858 2335 constitutum.

371 2373 467 2454 Quod
503 2396 584 2458 vero
622 2376 720 2442 Plato
758 2376 853 2442 iubet
891 2375 970 2459 (ΧΗ,
983 2377 1049 2442 949
1058 2379 1096 2458 A)
1135 2377 1309 2459 ‘duodoni
1345 2375 1454 2458 κριτὴν

282 2487 422 2565 χορῶν.
446 2533 452 2546 .
477 2531 483 2546 .
517 2485 572 2548 καὶ
604 2486 709 2567 πάσης
741 2492 899 2568 μουσικῆς
921 2485 975 2548 καὶ
998 2489 1162 2567 γυμνικῶν
1183 2508 1216 2548 τε
1239 2484 1293 2547 καὶ
1316 2485 1454 2546 ἱππικῶν

282 2589 395 2654 ἄθλων
418 2638 425 2654 .
450 2640 456 2653 .
480 2639 487 2654 .
510 2592 672 2674 βραβέας’,
695 2590 824 2676 patriae
848 2591 1165 2672 moremretinet.²1)
1211 2587 1302 2654 Idem
1318 2588 1454 2669 attingit

281 2694 320 2776 Π,
333 2694 398 2760 659
406 2698 445 2778 A,
468 2694 526 2761 uhi
549 2695 707 2763 dedecere
731 2695 810 2762 dicit
833 2717 950 2762 verum
973 2696 1164 2764 certaminis
1179 2694 1320 2761 iudicem
1338 2693 1454 2762 eodem

282 2821 345 2884 ore,
369 2822 433 2887 quo
458 2800 538 2869 deos
558 2805 779 2869 ’ἐπεκαλέσατο
801 2806 928 2888 μέλλων
949 2807 1085 2889 κρίνειν,
1109 2802 1248 2870 mentiri.

783 3034 860 3122 cap.
877 3033 960 3102 vul.

617 3161 668 3243 lle
696 3163 835 3243 senatu
865 3162 905 3242 et
933 3161 1120 3243 contione.

372 3316 553 3385 demamus
575 3340 674 3405 nunc,
708 3341 794 3406 quae
824 3321 909 3386 ratio
934 3320 1082 3402 senatui,
1115 3338 1213 3404 quem
1235 3317 1335 3401 fingit
1356 3316 1453 3383 Plato

285 3421 350 3507 (Vl,
366 3423 431 3491 756
448 3421 549 3510 B‘ss.),
573 3447 650 3493 cum
665 3427 922 3493 Atheniensium
939 3428 1061 3491 senatu
1075 3425 1270 3492 intercedat.
1315 3426 1365 3491 Ac
1386 3424 1454 3511 pri-

284 3550 377 3595 mum
400 3534 578 3616 sexaginta
601 3537 635 3600 et
658 3534 799 3600 trecenti
822 3534 1075 3599 constituuntur
1105 3536 1277 3599 senatores
1299 3531 1389 3617 iique
1413 3551 1455 3597 ex
1520 3531 1522 3536 ’

285 3636 424 3719 singulis
448 3640 602 3706 censibus
625 3642 801 3724 nonageni.
816 3639 1019 3705 —Athenis
1043 3661 1065 3705 a
1080 3639 1258 3706 Clisthenis
1282 3639 1396 3703 aetate
1412 3658 1455 3703 ex

286 3744 476 3828 quingentis
507 3746 634 3814 civibus
666 3747 835 3830 cognitum
870 3746 1034 3812 habemus
1066 3747 1255 3812 constitisse
1286 3747 1452 3827 senatum,

264 3885 265 3889 ¹
282 3883 497 3903 m

374 3957 403 4027 ¹⁸)
422 3958 500 4015 Paul.
513 3960 598 4015 Wiss.
617 3960 741 4027 11⁸,2063
754 3977 809 4031 sq.;
829 3960 921 4015 Herm.
941 3959 1054 4015 Thums.
1075 3959 1220 4015 Steatsalt.
1238 3958 1271 4024 Π,
1281 3957 1334 4012 612
1347 3972 1388 4028 sq.

374 4046 404 4116 ²⁰)
423 4047 601 4103 Aristot'Ad.
614 4046 675 4103 πολ.
688 4050 731 4116 60,
743 4049 773 4116 1;
793 4049 957 4114 Mommsen,
971 4048 1055 4103 Festa
1069 4047 1120 4102 128
1132 4064 1159 4103 n.
1172 4047 1203 4115 23
1224 4047 1295 4102 (iilb.
1309 4045 1454 4102 Stsatselt.

285 4133 305 4199 1,
315 4133 368 4188 293

369 4176 404 4295 3⁰)
422 4226 464 4280 De
481 4227 607 4297 vestigiis
624 4227 668 4283 41.

374 4314 404 4385 ²¹)
425 4315 489 4404 Sch.
508 4317 582 4387 Lips.
602 4317 648 4371 Gr.
667 4315 724 4371 Alt.
743 4316 775 4382 Il,
786 4315 847 4373 515.
