3292 5017
700 392 923 458 ..47-

314 564 365 632 Ad
396 587 517 633 causas
549 564 774 634 decernendas
806 566 968 654 capitales
990 567 1152 634 formatur
1174 566 1333 635 iudicium
1355 588 1397 634 ex
1469 650 1471 654 Ι

222 672 357 739 selectis
384 672 549 740 iudicibus
573 681 607 739 et
627 673 928 761 nomophylacihus
951 674 1169 761 compositum
1194 674 1259 759 (IX,
1272 674 1338 740 855
1354 673 1396 758 Ο).

312 778 474 847 Universe
489 800 623 847 monere
639 779 718 847 licet
732 780 968 867 philosophum
988 781 1092 847 ullum
1109 780 1250 847 iudicem
1267 785 1395 847 ‘dvoc-

223 889 424 953 εύθυνον
467 908 540 953 esse
580 889 753 954 vetantem
788 886 989 971 (vivoru)
1033 886 1076 954 ab
1111 888 1233 954 Atticis
1266 887 1396 971 legibus

221 993 386 1075 recedere,
411 1014 453 1059 ex
476 993 597 1080 quibus
619 992 783 1061 heliastae
806 996 957 1067 εὐθύναις
979 994 1278 1080 supersedebant⁰l

313 1100 450 1166 Praeter
480 1102 592 1167 omnia
614 1100 699 1167 haec
720 1101 868 1168 iudicum
892 1099 1030 1184 collegia
1052 1101 1148 1168 Plato
1172 1100 1396 1167 Athenienses

220 1210 360 1274 secutus
398 1208 501 1273 etiam
534 1207 787 1293 magistratibus
817 1208 956 1295 praehet
985 1210 1190 1294 potestatem
1220 1209 1255 1273 in
1286 1208 1396 1273 causis

224 1313 373 1400 parvulis
404 1313 458 1380 ius
488 1313 634 1398 dicendi3
664 1312 752 1401 quod
783 1317 822 1380 ut
852 1315 1019 1401 probetur,
1052 1314 1173 1381 citetur
1197 1314 1327 1398 Vmor
1350 1316 1395 1380 A:

7 1435 9 1458 ¹
83 1495 87 1503 Δ
222 1423 336 1487 ’πάντα
358 1423 418 1505 μὲν
449 1423 510 1505 γὰρ
541 1424 678 1506 ἄρχοντα
709 1424 881 1505 ἀναγκαῖον
909 1424 963 1487 καὶ
986 1423 1135 1507 δικαστὴν
1158 1422 1237 1487 εἶναί
1257 1424 1395 1504 τινων’.7)

227 1528 277 1593 Ac
311 1527 434 1613 multa,
471 1529 566 1595 cuins
601 1526 760 1595 dicendae
794 1529 1013 1610 magistratus
1046 1527 1190 1594 Athenis
1225 1528 1397 1595 habebant

222 1635 362 1720 copiam,
376 1635 573 1702 -vocahatur
595 1637 761 1720 ἐιιιβολήβ)
785 1635 872 1720 quod
893 1634 1095 1701 vocabulum
1109 1633 1277 1701 interdum
1293 1636 1396 1701 etiam

223 1740 366 1806 multam
396 1741 438 1807 ab
469 1741 633 1808 iudicibus
664 1741 854 1828 impositam
885 1741 1073 1825 significare
1102 1742 1249 1809 ostendit
1275 1741 1396 1808 collato
1502 1744 1504 1748 ’

220 1844 350 1930 Legum
373 1846 444 1914 loco
468 1848 538 1933 XII,
552 1849 617 1914 949
640 1848 669 1914 D
694 1847 888 1932 Siegiried.⁰)
1384 1927 1386 1930 ¹

314 1953 458 2020 Athenis
480 1957 629 2040 ἐπιβολὴν
652 1980 712 2020 κατ
726 1957 843 2040 ἐξοχὴν
866 1955 1113 2041 quinquaginta
1135 1955 1311 2021 drachmas
1335 1975 1395 2021 ex-

225 2058 340 2126 cedere
363 2081 433 2127 non
454 2061 640 2145 licebat310)
665 2083 707 2127 ex
722 2061 873 2128 Platonis
897 2061 1083 2148 praeceptis
1099 2063 1248 2146 ἐπιβολῆς
1262 2062 1396 2128 termini

226 2165 348 2234 diversi
363 2171 460 2252 sunt;
475 2168 570 2235 velut
584 2171 788 2253 φρούραρχοι
802 2190 871 2236 uno
888 2189 963 2235 cum
979 2171 1069 2235 certo
1085 2176 1241 2253 φρουρῶν
1256 2189 1394 2235 numero

219 2273 289 2358 (Vr,
302 2274 368 2340 761
391 2273 428 2356 Ε)
451 2278 556 2359 μέχρι
577 2282 674 2359 τριῶν
688 2280 791 2359 μνῶν
815 2275 973 2342 iubentur
987 2276 1040 2341 ius
1057 2274 1174 2357 dicere,
1198 2277 1396 2359 ἀγορανόμοι

224 2382 259 2445 et
292 2383 464 2466 ἀστυνόμοι
499 2380 575 2464 (764
605 2381 674 2465 ΒΟ)
717 2385 821 2467 μέχρι
861 2383 973 2448 ἑκατόν
1013 2384 1189 2467 δραχμῶν,
1223 2385 1395 2467 ἀστυνόμοι

222 2490 405 2573 praeterea,
430 2488 460 2554 si
483 2488 557 2576 quis
581 2489 662 2555 civis
685 2490 856 2575 peregrino
880 2494 941 2556 aut
956 2489 1147 2576 peregrinus
1167 2489 1231 2556 civi
1245 2488 1396 2557 intulerit

223 2592 378 2660 iniuriam
402 2594 496 2679 (Vlll,
509 2597 574 2662 847
597 2594 645 2679 Β),
669 2599 773 2680 ’μέχρι
797 2599 954 2680 δραχμῶν
976 2598 1189 2680 πεντήκοντα.

310 2701 348 2766 In
379 2701 585 2784 gravioribus
615 2722 695 2768 vero
726 2704 837 2768 causis
867 2701 1011 2767 Athenis
1041 2702 1292 2786 magistratibus
1322 2704 1396 2767 eret

211 2809 374 2891 ,ἡγεμονία
390 2811 590 2893 δικαστηρίου
598 2811 650 2892 11)·
673 2808 760 2875 idem
776 2807 951 2875 Platonem
974 2810 1124 2874 statuere
1147 2808 1297 2892 colligere
1317 2807 1395 2875 licet

222 2933 266 2979 ex
287 2913 357 2997 XII,
371 2914 437 2981 948
460 2916 505 2998 Ι);
534 2913 678 2981 addatur
701 2914 765 2980 949
788 2916 829 2998 A,
854 2914 913 2980 ubi
934 2917 1095 2999 πρόεδροι,
1120 2918 1155 2981 et
1177 2915 1243 2981 958
1265 2916 1305 2997 A,
1336 2915 1394 2981 uhi

219 3022 380 3087 »δικαστῶν
403 3024 555 3106 ἡγεμόνες
579 3025 888 3088 commemorantur.

311 3128 381 3195 Iam
397 3128 438 3196 de
453 3130 555 3195 variis
571 3147 746 3194 causarum
760 3126 978 3194 divisionibus
990 3127 1153 3194 nonnulla
1163 3119 1392 3214 explanantur.

221 3233 272 3300 Ac
293 3237 436 3321 primum
459 3235 598 3302 discerni
623 3255 743 3301 causas
759 3233 910 3320 publicas
927 3238 963 3301 et
977 3236 1127 3321 privatas
1144 3234 1227 3300 satis
1243 3235 1393 3319 constat3

223 3340 267 3406 ad
290 3361 391 3428 quam
406 3339 653 3409 distinctionem
675 3340 910 3408 illustrandam
932 3342 1130 3428 praecipuus
1153 3340 1278 3423 Legum
1300 3338 1393 3407 locus

219 3450 276 3513 est
298 3446 353 3531 Vl,
367 3447 430 3514 767
447 3448 483 3514 Β.
521 3448 567 3515 Ut
588 3470 668 3516 vero
692 3470 734 3514 ex
756 3450 827 3515 iure
846 3447 969 3534 Attico,
993 3449 1043 3514 ita
1066 3468 1108 3513 ex
1122 3447 1272 3514 Platonis
1295 3468 1393 3533 prae·

218 3555 326 3640 ceptis
350 3575 473 3621 causae
496 3553 662 3642 quaedam
683 3576 742 3641 per
764 3576 801 3621 se
821 3557 974 3642 privatae
993 3554 1068 3621 fieri
1082 3556 1226 3640 possunt
1239 3553 1393 3640 publicae

222 3663 258 3726 et
288 3661 331 3727 ab
354 3661 508 3728 omnihus
531 3661 659 3729 civibus
682 3662 822 3746 institui,
856 3663 884 3728 si
907 3662 1040 3749 quidem
1063 3662 1185 3727 iniuria
1207 3661 1272 3729 civi
1294 3661 1394 3729 alicui

310 3874 330 3943 ο)
347 3875 407 3930 Att.
426 3874 506 3932 Proc.
525 3874 586 3930 259.

310 3966 330 4032 ⁷)
349 3964 385 4019 ci.
403 3964 496 4020 Herm.
516 3964 550 4018 de
568 3964 694 4033 vestigiis
711 3963 755 4019 42.

310 4052 329 4121 8)
347 4053 408 4109 Att.
427 4053 508 4108 Proc.
526 4052 561 4109 54
580 4054 609 4107 et
627 4053 680 4108 757
698 4068 739 4124 sq.

310 4142 330 4210 ἱ’)
349 4142 384 4196 de
401 4141 498 4208 multa,
518 4159 589 4214 quae
608 4138 716 4211 ἐπιβολὴ
735 4142 835 4197 dicitur
852 4142 888 4197 53
906 4157 947 4213 sq.

311 4231 341 4300 ιο)
362 4230 426 4288 Sch.
444 4231 519 4302 Lips.
534 4231 580 4287 Gr.
593 4231 650 4287 Alt.
668 4230 765 4297 1,441;
792 4231 867 4302 Lips.
885 4230 946 4286 Att.
965 4230 1058 4287 Reoht
1076 4248 1103 4284 u.
1122 4229 1298 4286 Rechtsveri.
1316 4229 1336 4294 Ι,
1346 4228 1390 4286 53.

311 4319 343 4389 ιι)
362 4319 422 4376 Ait,
441 4320 520 4376 Proc.
538 4319 572 4374 41
593 4336 643 4386 ss.;
663 4319 734 4375 Gilb.
754 4320 899 4376 Steatsalt.
918 4319 938 4385 l,
948 4319 1009 4375 239.
