3292 5017
748 411 972 476 ...32-

272 588 362 654 unde
386 587 533 655 efficitur
547 609 626 655 eum
642 588 805 655 eiusmodi
819 588 956 656 fabulas
971 589 1006 654 in
1024 588 1121 656 malis
1137 591 1235 677 quasi
1249 590 1447 656 necessariis

272 715 455 778 numerare,
487 716 556 762 non
585 695 788 783 spectandas
811 696 877 762 nisi
899 700 939 763 ut
961 695 1089 762 bonum
1112 718 1154 763 ex
1177 697 1341 763 contrario
1365 683 1444 780 cog·

271 805 441 885 noscatur,
465 823 540 868 non·
557 801 706 885 agendas
730 803 796 867 nisi
820 824 842 868 a
865 803 971 868 servis
994 805 1055 869 aut
1077 804 1266 890 peregrinis,
1312 800 1378 869 Sed
1400 824 1444 869 ne

271 909 405 992 tragicis
429 909 563 995 quidem
585 908 693 995 poetis
716 908 951 995 philosophum
974 907 1165 996 simpliciter
1179 910 1381 995 permittere,
1406 912 1447 977 ut

272 1014 413 1082 doceant
441 1014 587 1098 fabulae,
624 1036 665 1082 ex
689 1016 821 1082 81th
854 1018 1004 1103 apparet,
1040 1036 1106 1102 quo
1139 1015 1212 1083 loco
1243 1015 1443 1101 tragoediae,

150 1144 151 1147 ¹
271 1124 456 1208 antequam
478 1122 701 1188 admittantur
724 1123 759 1188 in
783 1143 951 1205 scaenam,
975 1122 1227 1206 magstratibus
1244 1123 1444 1189 examinan-

186 1299 189 1302 ,
271 1227 332 1294 das
361 1227 456 1295 iubet
485 1229 655 1315 proponit
702 1228 845 1295 Athenis
876 1230 959 1297 item
980 1234 1101 1316 poetae
1123 1229 1269 1313 fabulae,
1301 1250 1386 1316 quas
1409 1230 1445 1297 in

271 1356 429 1401 scaenam
458 1334 637 1421 producere
668 1335 872 1420 cogitabant,
904 1336 1118 1419 magistratui
1149 1339 1248 1420 certo,
1281 1336 1338 1423 qui
1368 1336 1446 1403 aliis

269 1441 367 1530 festis
402 1441 519 1508 diebus
554 1442 639 1508 alius
672 1445 754 1524 erat,
786 1446 867 1509 ante
897 1442 1087 1530 probandas
1110 1442 1241 1510 tradere
1266 1442 1444 1510 debebant

270 1548 363 1629 Quae
385 1547 522 1614 fabulae
537 1547 677 1615 idoneae
693 1549 896 1616 videbantur
912 1550 955 1616 ad
971 1548 1147 1635 agendum,
1168 1550 1210 1615 iis
1226 1549 1445 1632 magistratus

269 1654 324 1721 ille
347 1656 463 1740 χορὸν
486 1658 669 1739 calecam)
695 1655 783 1743 quod
806 1655 895 1723 idem
917 1656 986 1723 fere
1009 1656 1102 1723 valet
1125 1659 1228 1743 atque
1251 1656 1381 1742 ‘poetis
1405 1659 1445 1723 ut

271 1761 413 1828 doceant
427 1761 572 1845 fabulae,
590 1761 788 1846 concedere’,
801 1785 910 1849 neque
923 1764 1020 1830 aliter
1034 1762 1296 1847 intellegendum
1310 1763 1445 1830 videtur

271 1890 345 1935 esse
368 1868 519 1953 817D.11)

359 1976 523 2057 Quoniam
539 1979 669 2063 ὄρχησις
684 1977 719 2042 in
735 1976 859 2043 fabulis
875 1977 1038 2043 scaenicis
1054 1975 1194 2042 alicuius
1207 1978 1260 2043 est
1271 1976 1444 2059 momenti,

270 2081 311 2148 de
345 2082 410 2148 hac
443 2082 589 2149 breviter
631 2081 829 2170 disputetur.
886 2083 1070 2167 Distinguit
1109 2104 1188 2150 vero
1225 2083 1445 2171 philosophus

271 2189 349 2274 (Vll,
363 2188 530 2272 814Ess.)
560 2191 648 2257 inter
674 2191 759 2263 εἶδος
781 2193 993 2257 σπουδαῖον
1017 2194 1052 2257 et
1075 2191 1158 2263 εἶδος
1181 2193 1328 2275 φαῦλον
1344 2193 1444 2275 ὀρχή-

270 2320 360 2368 σεως.
399 2295 550 2383 Speciem
573 2300 688 2364 autem
711 2299 888 2364 σπουδαίαν
919 2298 1040 2364 iterum
1064 2297 1232 2364 distribuit
1253 2297 1289 2363 in
1312 2301 1444 2382 ὄρχησιν

269 2404 464 2487 εἰρηνικὴν
488 2407 522 2469 et
544 2406 764 2490 πολεμικήν,
789 2425 932 2491 quarum
950 2405 1043 2470 illam
1058 2406 1210 2470 nominat
1232 2406 1444 2489 ἐμμέλειαν,

268 2509 357 2575 hanc
378 2514 568 2596 πυρρίχην
588 2511 878 2577 —continentem
901 2514 1047 2596 σχήματα
1064 2512 1214 2595 δραστικὰ
1238 2514 1273 2577 et
1296 2514 1443 2596 σχήματα

269 2620 308 2682 ut
322 2617 373 2683 ita
388 2615 496 2683 dicam
512 2620 675 2702 ἀμυντικά.
709 2618 799 2685 Inter
814 2639 921 2701 genus
937 2620 1095 2703 εἰρηνικὸν
1107 2622 1142 2684 et
1152 2618 1326 2701 πολεμικὸν
1337 2618 1443 2683 inter-

270 2722 391 2790 cedens
417 2724 513 2808 fingit
538 2723 634 2791 Plato
658 2745 764 2808 genus
792 2723 970 2811 quoddam,
995 2724 1084 2811 quod
1107 2729 1146 2792 ut
1169 2728 1213 2790 οὐ
1246 2726 1444 2790 πολιτικὸν

268 2829 493 2917 repellendum
511 2832 566 2914 sit;
581 2830 745 2915 intellegit
758 2833 833 2915 (815
841 2832 874 2915 O)
886 2835 1038 2917 βακχείαν
1051 2837 1086 2898 et
1098 2832 1306 2913 saltationes,
1320 2830 1442 2917 quibus

268 2938 429 3022 ‘Nduqrac
451 2963 484 3003 τε
506 2940 560 3003 καὶ
574 2939 689 3011 Πᾶνας
711 2941 766 3004 καί
780 2940 955 3023 Σειληνοὺς
969 2942 1024 3004 καὶ
1038 2941 1220 3024 Σατύρονς’
1237 2940 1315 3004 vino
1332 2937 1442 3005 ebrios

268 3043 448 3111 imitentur.
493 3045 594 3118 Εἶδος
629 3044 770 3132 denique
801 3048 926 3130 φαῦλον
958 3048 1123 3130 ὀρχήσεως
1153 3044 1343 3110 comoediae
1367 3066 1442 3112 esse

269 3153 400 3236 ὄρχησιν
423 3172 465 3216 ex
488 3152 589 3217 8161)
614 3152 786 3239 perspicue
810 3152 928 3219 elucet.

357 3256 419 3323 Hic
453 3258 648 3324 insistentes
683 3279 869 3343 cernamuS,
902 3263 1070 3345 quatenus
1101 3257 1357 3327 Atheniensium
1387 3279 1441 3325 res

268 3363 495 3450 respiciantur.
529 3366 578 3431 Ac
593 3366 735 3451 primum
747 3368 894 3450 ἐμμέλεια
906 3364 1101 3448 tragoediae
1120 3364 1254 3431 videtur
1269 3363 1440 3453 appellata

269 3490 343 3536 esse
378 3469 562 3555 saltatura
623 3472 773 3557 Πνρρίχη
799 3471 918 3539 deinde
956 3474 997 3538 ut
1034 3471 1169 3555 originis
1204 3473 1257 3537 est
1290 3472 1440 3553 Doricae,

267 3577 318 3643 ita
347 3599 390 3644 ne
421 3578 464 3644 ab
492 3578 749 3645 Atheniensium
780 3578 914 3666 quidem
945 3578 1063 3646 diebus
1085 3578 1184 3645 iestis
1206 3578 1305 3665 plane
1329 3578 1441 3644 aliena

269 3688 356 3768 erat3
387 3683 576 3751 saltabatur
607 3685 695 3751 enim
718 3686 753 3751 in
776 3684 1027 3752 Panathenaeis
1051 3688 1086 3753 et
1108 3685 1239 3769 magnis
1262 3687 1297 3751 et
1319 3684 1440 3771 parvis

357 3880 376 3950 ⁰)
397 3880 492 3934 Obiter
510 3883 743 3936 commemoretur
761 3881 910 3936 Platonem
928 3882 970 3935 De
988 3882 1058 3953 Rep.
1077 3881 1109 3947 X,
1120 3880 1205 3935 5}le
1216 3880 1322 3946 ποίησιν
1329 3898 1440 3947 μιμητι-

267 3969 315 4035 νὴν
333 3970 446 4023 omnino
465 3985 617 4026 removere.
832 3974 834 3976 ’
1434 3967 1437 3972 ’

358 4057 387 4129 ¹⁰)
408 4058 471 4115 Sch.
491 4059 564 4129 lips.
584 4059 630 4114 Gr.
649 4059 706 4115 Alt.
725 4060 758 4125 H,
769 4059 835 4126 5153
854 4060 948 4115 Herm.
966 4059 1089 4125 Mueller,
1108 4058 1276 4114 Birhnenalt.
1294 4058 1357 4113 350.
1473 4079 1475 4082 ·

358 4148 387 4216 ¹¹)
407 4147 442 4201 ci.
461 4150 606 4217 praeterea
623 4147 695 4204 Plat.
715 4149 756 4203 De
774 4149 845 4219 Rep.
864 4149 896 4214 Π,
907 4148 996 4203 3830.

357 4235 387 4305 ²⁹)
405 4235 499 4291 Herm.
517 4236 640 4303 Mueller,
663 4237 833 4293 Brihnenalt.
852 4237 919 4305 2243
949 4237 1112 4302 Stallbaum,
1140 4253 1167 4290 n.
1186 4236 1222 4290 ad
1239 4236 1336 4302 &1633
1361 4235 1439 4295 Paul

267 4323 351 4383 Wiss,
370 4324 504 4390 vamba.
