3292 5017
734 419 953 484 -10-

258 601 336 685 apte
360 597 540 681 confertur,
563 596 670 664 altera
693 597 871 683 opponitur
894 596 1032 682 species,
1064 615 1151 682 quae
1175 594 1329 680 quamvis
1351 594 1442 660 item*

258 705 343 772 bene
367 708 499 771 morata
521 707 636 770 tamen
660 702 704 770 ad
727 723 882 769 verarum
904 723 1014 768 rerum
1036 701 1244 788 publicarum
1267 700 1434 767 condicio-

258 832 334 878 nem
358 832 398 878 ac
422 814 551 878 statum
575 811 682 894 magis
706 808 985 876 accommodatur.
1032 808 1149 895 ltaque
1172 811 1213 873 ut
1234 807 1270 873 iu
1284 807 1441 892 Πολιτείᾳ.

257 917 355 985 Plato
390 918 481 985 bona
515 917 628 984 omnia
659 916 788 983 civibus
818 916 935 1002 utique
968 915 1158 982 communia
1185 935 1259 981 esse
1282 914 1376 980 iubet
1399 918 1433 980 et

257 1025 425 1112 privatam
467 1025 714 1111 possessionem
751 1044 887 1110 prorsus
925 1021 1102 1105 removeri,
1145 1022 1195 1087 ita
1231 1021 1267 1090 in
1304 1022 1441 1105 Νόμοις

140 1160 141 1163 ’
260 1131 309 1212 Ν,
323 1131 432 1214 739Ε)
455 1131 580 1197 sancit:
599 1131 813 1215 ’Νειμάσθιον
835 1131 895 1214 μὲν
918 1131 958 1214 δὴ
982 1136 1111 1213 πρῶτον
1135 1136 1193 1213 γῆν
1207 1131 1282 1193 xri?
1321 1127 1435 1214 Atque

258 1238 426 1305 inlocum
459 1236 731 1325 philosophorum
763 1236 930 1308 Πολιτείας
964 1234 1093 1302 civibus
1123 1233 1366 1321 praefectorum
1399 1235 1444 1299 ine

257 1347 387 1429 Νόμοις
424 1344 609 1410 succedunt
645 1344 736 1427 leges
771 1343 814 1409 ab
850 1343 922 1429 ipso
957 1343 1098 1409 Platone
1134 1342 1245 1425 datae,
1280 1340 1314 1407 id
1344 1339 1434 1426 quod

257 1452 314 1533 IX,
327 1450 455 1517 87501)
477 1451 621 1517 maxime
640 1448 836 1531 illustratur,
860 1449 929 1533 ubi,
955 1470 1029 1516 cum
1053 1451 1276 1532 ’ἐπιστήμης
1292 1499 1298 1512 .
1315 1499 1322 1512 .
1339 1498 1345 1511 .
1362 1451 1435 1513 οὔτε

258 1561 359 1643 νόμος
375 1547 377 1549 l
394 1561 466 1623 οὔτε
499 1561 585 1633 τάξις
620 1560 753 1641 οὐδεμία
787 1560 948 1641 κρείττων’
984 1557 1038 1638 sit,
1069 1558 1184 1620 tamen
1215 1555 1261 1619 ‘eb
1286 1556 1442 1638 δεύτερον

259 1668 411 1749 αἱρετέοτ’
447 1685 521 1730 esse
556 1663 774 1750 philosophus
810 1667 935 1746 censet,
975 1666 1089 1738 ’τάξιν
1122 1687 1159 1727 τε
1193 1664 1256 1726 καὶ
1292 1663 1439 1745 νόμον’,,

260 1770 530 1858 quandoquidem
553 1774 705 1856 ἐπιστήμη
730 1790 864 1857 perraro
888 1771 976 1836 inter
997 1769 1150 1835 homines
1173 1768 1367 1854 reperiatur.

346 1878 419 1943 Iam
442 1898 521 1943 vero
545 1898 749 1963 quamquam
773 1879 877 1942 etiam
899 1876 934 1941 in
957 1875 1103 1959 Legibus
1126 1873 1234 1940 multa
1256 1874 1433 1941 Platonem

174 1985 175 1989 ’
259 1985 435 2051 instituere
470 1987 614 2067 constat,
650 2005 736 2070 quae
772 2004 814 2049 ex
845 1984 950 2070 ipsius
981 1983 1114 2066 ingenio
1145 2002 1185 2047 ac
1215 1980 1441 2047 meditatione

260 2091 420 2175 originem
443 2091 592 2176 trabant,
624 2095 740 2157 tamen
771 2090 814 2156 ab
839 2091 912 2155 eius
936 2088 1072 2156 consilio
1097 2109 1165 2154 non
1188 2087 1337 2154 alienum
1360 2107 1435 2154 esse

259 2197 357 2265 facile
389 2198 559 2282 concedes,
593 2198 621 2265 si
651 2198 811 2264 instituta
843 2196 1008 2283 quaedam
1032 2196 1123 2263 bona
1145 2199 1180 2261 et
1201 2193 1323 2261 idonea
1345 2194 1443 2261 illius

260 2304 384 2371 aetatis
408 2305 585 2371 civitatum
607 2306 643 2370 in
666 2305 729 2370 hoc
753 2325 850 2390 opere
872 2304 1103 2390 respiciuntur.
1149 2302 1199 2368 Ac
1227 2301 1369 2387 primum
1393 2340 1437 2349 —

260 2415 300 2477 ut
333 2412 574 2499 Aegyptiorum
612 2410 695 2477 adeo
733 2409 914 2475 nonnullas
953 2409 1044 2493 leges
1079 2408 1211 2495 probari
1246 2411 1280 2474 et
1315 2408 1437 2474 sanciri

260 2519 527 2604 praetermittam
544 2556 584 2566 —
598 2517 707 2583 multa
721 2517 950 2600 inveniuntur,
968 2537 1055 2602 quae
1071 2517 1295 2582 communium
1310 2518 1444 2587 πόλεως

261 2625 410 2692 Graecae
421 2625 653 2691 institutorum
674 2625 818 2710 speciem
834 2644 913 2710 prae
930 2644 966 2689 se
982 2622 1105 2689 ferunt.
1137 2622 1301 2703 Quoniam
1317 2621 1443 2688 deiude·

260 2732 403 2797 Doribus
427 2730 644 2818 philosophus
668 2731 841 2797 civitatem
863 2729 963 2812 lingit
985 2728 1128 2814 fundari,
1162 2750 1204 2795 ne
1227 2750 1269 2795 ea
1292 2728 1435 2814 quidem,

261 2859 349 2925 quae
379 2838 508 2926 proprie
531 2838 649 2904 Dorica
681 2837 760 2920 sint,
791 2836 891 2922 plane
922 2835 1054 2921 neglegi
1085 2838 1350 2903 consentaneum
1375 2837 1442 2900 est..

262 2945 417 3011 Omnium
452 2947 566 3011 autem
597 2945 742 3010 maxime
777 2945 1035 3011 Atheniensium
1069 2945 1121 3010 ius
1155 2943 1379 3026 institutaque
1401 2941 1437 3006 in

261 3052 444 3118 scribendis
467 3051 614 3134 Legibus
637 3049 813 3117 Platonem
838 3055 918 3118 ante
942 3051 1055 3117 oculos
1078 3049 1238 3115 babuisse
1263 3047 1325 3113 viri
1347 3046 1437 3115 docti

261 3158 329 3223 iam
352 3158 479 3245 pridem
501 3162 751 3245 perspexerunt.

352 3265 384 3331 d.
408 3264 442 3330 F.
465 3264 638 3331 Hermann
661 3264 795 3351 quidem
819 3263 951 3330 duabus
975 3261 1312 3329 commentationibus
1336 3281 1445 3347 supra.

263 3371 374 3438 allatis
412 3372 538 3458 primus
577 3370 733 3456 ostendit,
774 3373 904 3459 quanta
938 3390 980 3435 ex
1013 3369 1076 3435 boc
1107 3388 1206 3454 opere
1237 3368 1366 3434 utilitas
1394 3366 1438 3432 ad
1536 3402 1540 3411 ·

262 3477 526 3561 cognoscendam
557 3478 716 3566 imprimis
748 3478 935 3544 Atticorum
965 3497 1035 3542 rem
1065 3474 1232 3561 publicam
1256 3477 1443 3541 emanaret..

351 3584 468 3672 Neque
497 3589 613 3651 tamen
644 3584 753 3650 virum
786 3583 1016 3650 doctissimum
1046 3603 1115 3648 rem
1147 3602 1216 3647 non
1240 3580 1443 3647 exhausisse·

264 3691 384 3758 mirum
415 3696 477 3775 est,
509 3690 781 3778 quandoquidem
811 3691 868 3756 illo
891 3693 1041 3776 tempore
1064 3689 1307 3776 antiquitatum
1331 3686 1441 3754 Grae-

263 3820 377 3866 carum
400 3798 523 3865 notitia
545 3820 614 3865 non
636 3801 709 3864 tam
731 3798 801 3864 late
824 3796 975 3883 patebat,
1008 3818 1108 3882 quam
1136 3796 1200 3861 hac
1223 3798 1337 3861 aetate
1361 3815 1438 3861 cum

263 3905 377 3971 multis
397 3904 564 3991 lapidibus
587 3905 734 3971 inventis
746 3903 989 3990 ¹inscriptiones
1005 3905 1170 3989 pretiosas
1186 3902 1435 3969 continentibus

263 4015 337 4078 tum
360 4012 538 4099 praecipue
562 4010 752 4077 Aristotelis
773 4013 959 4095 Ἀθηναίων
982 4013 1118 4093 πολιτείᾳ
1134 4007 1178 4074 ad
1193 4008 1302 4075 lucem
1317 4007 1442 4074 reduce

263 4121 367 4205 patet.
413 4118 555 4184 Etiamsi
577 4120 751 4204 praeterea
774 4118 837 4182 viri
860 4116 948 4183 docti
970 4118 1005 4181 in
1028 4116 1193 4182 institutis
1224 4116 1345 4181 Atticis
1380 4114 1443 4180 de·

264 4225 446 4292 scribendis
469 4224 595 4311 passim
618 4224 746 4308 Legum
773 4224 874 4290 libros
910 4223 953 4290 ad
988 4243 1087 4288 suum
1122 4244 1220 4288 usum
1254 4225 1437 4306 verterunt,

262 4336 379 4399 tamen
402 4331 496 4398 baud
517 4330 635 4398 inutile
660 4331 732 4414 erit,
755 4334 865 4398 totam
887 4351 958 4397 rem
974 4331 1014 4396 de
1030 4331 1160 4412 integro
1176 4332 1321 4394 tractare
1337 4332 1444 4413 atque
