3292 5017
675 397 896 461 -61..

201 575 349 657 δεσμῶν,
385 574 538 659 quamvis
562 573 759 640 arbitremur
781 573 958 640 Platonem
980 572 1044 638 hoo
1066 571 1138 638 loco
1162 573 1307 656 cogitare
1331 572 1377 640 de

198 679 289 746 furto
313 701 423 746 rerum
445 681 659 767 privatarum.

288 786 334 853 Ut
349 807 454 852 unum
470 786 633 853 addamus
650 788 690 854 de
710 790 815 872 κλοπῇ
837 789 1002 872 δημοσίων
1020 789 1205 871 χρημάτων,
1229 786 1377 852 Athenis

200 914 286 978 eum,
311 894 367 980 qui
382 892 482 959 huius
506 892 637 960 sceleris
658 915 716 980 per
739 895 916 979 ἀπαγωγὴν
938 893 993 959 vel
1016 896 1170 978 ἐφήγησιν
1192 892 1377 959 arcessitus

156 1016 159 1023 “
200 1004 300 1082 esset,
316 1001 399 1066 item
416 1002 534 1087 capitis
551 1021 625 1066 esse
643 999 840 1067 demnatum
857 1001 1119 1087 suspicantur.⁸¹l
1154 998 1270 1086 Neque
1293 1019 1373 1065 vero

199 1110 357 1192 ἀπαγωγῇ
389 1110 449 1174 aut
472 1110 624 1192 ἐφηγήσει
646 1107 735 1173 ullus
760 1110 834 1173 erat
855 1105 959 1191 locun,
990 1107 1055 1173 nisi
1078 1110 1132 1172 ἐπ’
1157 1107 1377 1189 αὐτοφώρῳ·

198 1213 254 1279 fur
270 1214 496 1299 deprehensus
519 1217 600 1280 erat.
638 1213 772 1281 Platoni
786 1214 888 1296 igitur
902 1212 943 1279 de
964 1211 1127 1279 eiusmodi
1141 1212 1214 1278 fure
1239 1212 1372 1278 omnino

200 1319 397 1407 supplicium
412 1321 501 1387 sumi
515 1321 652 1403 iubenti,
676 1323 742 1386 ’ἐάν
766 1325 792 1385 τ’
805 1324 859 1385 ἐπ’
883 1323 1100 1405 αὐτοφώρῳ
1115 1322 1170 1385 ἐάν
1185 1346 1217 1386 τε
1231 1322 1288 1404 μή’
1313 1317 1372 1384 de·

199 1427 384 1514 prehensus
403 1427 457 1511 sit,
478 1426 586 1510 legem
601 1428 749 1493 Atticam
767 1427 939 1493 obversari
954 1426 1038 1493 adeo
1058 1426 1139 1492 mihi
1155 1426 1317 1513 persuasi,
1334 1427 1378 1491 ut.

198 1534 283 1601 haec
305 1534 379 1620 ipsa
394 1534 498 1600 verba
514 1536 709 1617 argumento
727 1554 801 1600 esse
817 1554 974 1600 censeam
989 1533 1133 1600 Athenis
1148 1533 1256 1600 furem
1279 1531 1373 1598 illum
1461 1615 1463 1617 v

199 1644 248 1706 ἐπ’
272 1642 457 1725 αὐτοφώρῳ
477 1644 611 1727 συρίσαι
632 1661 749 1727 reapse
771 1647 879 1707 morte
902 1661 977 1706 esse
999 1640 1189 1707 multatum.
1221 1639 1282 1705 Sin
1297 1638 1372 1726 quis

199 1747 342 1813 Athenis
353 1768 413 1834 per
423 1748 552 1832 γραφὴν
563 1750 684 1831 κλοπῆς
697 1750 862 1832 δημοσίων
874 1750 1050 1832 χρημάτων
1060 1748 1186 1833 petitus
1198 1745 1374 1812 convince·

199 1855 307 1937 batur,
331 1853 569 1920 detrimentum
590 1853 833 1942 decempliciter
847 1852 980 1921 videtur
995 1854 1152 1920 resarcire
1168 1852 1375 1936 debuissem·

287 1964 362 2029 Iam
396 1981 476 2027 vero
510 1981 580 2027 rem
613 1983 673 2048 per
704 1960 812 2027 furem
848 1959 1040 2048 ademptam
1067 1960 1102 2026 in
1126 1959 1266 2026 aedibus
1289 1960 1372 2042 eiua,

200 2088 299 2154 quem
332 2068 497 2134 occultare
520 2066 611 2134 illam
636 2067 780 2154 suspicio
805 2071 888 2150 erat,
919 2088 978 2153 per
1000 2067 1053 2132 ius
1076 2067 1226 2134 Atticum
1250 2066 1373 2133 licebat

199 2195 267 2240 non
290 2175 446 2241 indutum
468 2175 534 2241 nisi
548 2178 726 2260 χιτωνίσκῳ
741 2175 906 2260 requirere
924 2175 1110 2259 (pomnen
1147 2174 1243 2241 Idem
1263 2172 1377 2239 sancit

199 2279 297 2347 Plato
320 2285 398 2363 XII,
412 2282 515 2348 954A
538 2303 581 2347 ss.
627 2280 696 2348 Nec
719 2282 830 2347 minus
858 2282 1010 2367 sequitur
1032 2281 1160 2367 patriae
1191 2278 1299 2365 legem
1322 2300 1376 2363 eo,.

200 2386 288 2472 quod
312 2388 387 2463 1955
397 2388 434 2471 B)
465 2389 634 2475 praecipit,
670 2391 719 2471 ut,
755 2389 812 2474 qui
843 2388 951 2454 sciens
982 2389 1179 2471 κλεμμάδιον
1202 2385 1373 2473 quodlibet

200 2496 368 2580 receperit,
394 2494 530 2562 easdem
552 2496 720 2562 sustineat
742 2515 870 2582 poenas
894 2515 979 2582 quas
1001 2495 1072 2580 ipse
1095 2494 1196 2577 fur.⁸⁴)

288 2603 362 2668 Iam
384 2601 576 2669 intueamur
599 2605 708 2674 δίκας
731 2603 901 2687 φονικάς.
948 2601 1022 2683 Qua
1048 2600 1141 2667 inre
1165 2599 1376 2666 discernatur

198 2728 336 2775 necesse
361 2711 422 2793 est,
453 2711 567 2774 utrum
597 2711 760 2781 ἀκουσίως
784 2729 828 2774 an
852 2711 1007 2781 ἑκουσίως
1030 2729 1075 2773 an
1099 2710 1230 2779 δικαίως
1253 2705 1373 2773 caedes

198 2814 290 2881 iacta
313 2815 367 2882 sit.

290 2920 416 2989 Caedes
446 2942 525 2987 vero
548 2924 709 2995 ἀκουσίως
738 2922 881 2988 effectae
911 2922 1033 3008 partIm
1056 2922 1154 2987 meris
1177 2923 1374 3005 καθαρμοῖς,

199 3029 321 3113 partim
343 3031 526 3113 καθαρμοῖς
549 3031 583 3095 et
606 3031 840 3112 ἀπενιαατισμῷ
862 3027 1051 3095 luebantur.

289 3137 338 3200 Ac
357 3156 483 3202 meram
504 3134 637 3222 quidem
656 3135 890 3201 lustrationem
905 3133 1124 3222 philosophus
1141 3138 1210 3218 (IX,
1224 3133 1374 3217 865ABl

201 3240 311 3306 subire
333 3240 409 3307 vult
431 3264 498 3318 eos,
524 3244 580 3330 qui
602 3244 636 3309 in
660 3241 898 3308 certaminibus
920 3239 1061 3327 publicis
1072 3244 1109 3324 ⁸⁶)
1133 3241 1188 3307 vel
1211 3239 1297 3307 bello
1317 3238 1373 3306 vel

69 3387 72 3392 >
200 3347 494 3415 exercItationibus
518 3349 716 3416 militaribus
741 3348 887 3415 amicum
910 3347 1054 3435 aliquem
1077 3346 1266 3414 inconsulte
1289 3346 1371 3414 occi·

200 3452 318 3539 derint,
353 3474 421 3520 non
454 3456 565 3521 minus
599 3477 699 3544 quam
735 3454 880 3521 medicos
911 3458 1052 3521 mortem
1083 3453 1211 3537 aegroti
1232 3453 1375 3520 fortuito

201 3560 424 3627 conficientes
486 3560 659 3628 Hactenus
699 3567 855 3644 accurate
889 3561 1147 3628 Atheniensium
1185 3561 1372 3628 retinentur

199 3664 337 3751 legesfil)
393 3667 488 3749 Quod
518 3671 691 3755 praeterea
720 3669 817 3735 Plato
842 3668 994 3752 (8650D)
1028 3668 1198 3756 praecipit,
1230 3670 1279 3753 ut,
1315 3669 1373 3754 qui

200 3792 413 3804 —Q—

290 3845 319 3914 ⁸¹l
338 3846 401 3901 ibid.
420 3845 481 3901 455.

290 3933 319 4003 θ’)
338 3935 418 4000 ibid.;
438 3936 553 3990 Aristot.
567 3932 629 3988 Ἀθ.
647 3932 708 3988 πολ.
728 3934 812 4001 54,2;
831 3935 923 3990 Herm.
943 3934 1042 3990 Thalh.
1062 3935 1094 3990 R.
1114 3935 1147 3992 A.
1166 3934 1209 3990 56.

289 4022 319 4092 θ’)
338 4024 401 4079 ibid.
423 4023 474 4078 128
487 4040 542 4095 sq.;
561 4024 620 4079 Att.
640 4024 720 4081 Proc.
739 4025 805 4091 6333
825 4024 917 4079 Herm.
937 4024 972 4078 de
990 4024 1116 4094 vestigiis
1133 4023 1169 4078 65

289 4110 319 4181 ⁸⁴)
338 4112 395 4166 ibid
412 4114 448 4167 58
465 4129 491 4168 n.
511 4112 577 4179 2423
597 4112 655 4168 atr.
674 4113 754 4169 Proc.
773 4113 841 4180 4523
860 4112 1025 4178 Thonissen‚
1045 4113 1118 4167 droit
1136 4112 1219 4183 penal
1237 4110 1298 4167 303.

289 4201 319 4270 ⁸⁶)
339 4201 373 4257 cf.
393 4204 537 4273 praeterea
554 4201 625 4267 VIII,
634 4202 686 4256 831
695 4195 730 4257 Αἰ

289 4289 320 4359 ⁸⁶)
339 4290 402 4347 Sch.
423 4291 496 4362 Lips.
517 4291 560 4346 Gr.
580 4291 635 4346 Alt.
655 4290 687 4356 H,
697 4291 764 4357 3653
792 4292 884 4347 Herm.
904 4290 1003 4347 Thalh.
1029 4291 1062 4346 R.
1081 4290 1113 4346 A.
1134 4290 1183 4356 503
1210 4290 1269 4344 Ati.
1289 4289 1363 4344 Proc

198 4378 252 4433 377
264 4395 305 4451 sq.
324 4396 350 4436 n.
370 4380 437 4449 5173
456 4380 620 4446 Thonissen
640 4380 714 4436 droit
732 4379 814 4450 penal
833 4381 900 4448 2533
920 4381 1011 4436 Herm.
1023 4381 1057 4434 de
1075 4379 1201 4448 vestigiis
1220 4377 1262 4434 50.
