3292 5017
689 366 911 432 -43-

216 538 388 608 Hermann
394 543 431 625 ⁸²)
449 542 590 608 contulit
605 564 680 609 cum
697 542 921 630 quadraginta
935 544 1025 627 viris,
1043 565 1126 630 quos
1141 545 1221 611 item
1238 546 1392 612 actiones

218 648 352 714 minoris
375 649 537 715 momenti
559 651 708 736 privatas
739 653 845 735 ’μέχρι
868 652 945 716 θέντα
970 653 1180 735 ἀροχμῶνἪ)
1215 651 1306 737 ipsos
1336 651 1389 717 di·

217 755 383 822 iudicasse
407 757 604 842 accepimus.
1078 835 1079 840 ἵ

302 865 509 947 Ἀγρονόμοις
532 870 566 928 et
589 864 809 948 φρουράρχοις
825 866 1039 951 opponuntur
1055 868 1223 931 curatores
1238 863 1393 950 publicae
1464 867 1466 870 ’

217 970 253 1036 in
268 970 350 1036 urbe
366 968 567 1056 disciplinae.
602 972 713 1057 Atque
730 973 963 1055 ἀστυνόμοι
978 971 1111 1058 quidem
1126 974 1195 1038 tres
1212 972 1286 1052 (763
1300 971 1324 1037 G
1336 977 1392 1054 ssi

218 1076 391 1143 sortitione
426 1080 461 1142 ἐκ
492 1080 676 1161 προκρίτων
706 1077 865 1144 constitui
894 1076 1066 1162 iubentur,
1102 1078 1245 1145 Athenis
1276 1078 1391 1143 decem

219 1186 308 1249 sorte
338 1182 413 1249 duci
436 1204 511 1250 esse
535 1183 623 1250 soliti
647 1184 874 1268 traduntur.⁸⁸)
920 1184 1017 1251 Plato
1040 1184 1104 1251 hoc
1127 1205 1249 1251 munus
1272 1181 1391 1250 deferri

219 1310 286 1357 non
308 1290 384 1356 vult
406 1290 471 1356 nisi
495 1290 537 1356 ad
562 1290 652 1357 cives
675 1295 750 1356 ’τῶν
771 1295 928 1375 μεγίστων
950 1293 1156 1376 τιμημάτων,
1178 1290 1269 1357 tanti
1283 1289 1389 1356 fuisse

218 1394 372 1482 ponderis
396 1396 653 1463 Atheniensium
677 1400 877 1482 ἀστυνόμους
900 1398 1142 1482 denegaverim.

308 1501 429 1569 Officia
452 1501 571 1569 deinde
595 1502 712 1570 eadem
734 1503 804 1571 fere
819 1504 1039 1590 philosophus
1053 1505 1094 1570 iis
1109 1503 1313 1591 praestanda
1327 1504 1393 1569 im·

218 1610 322 1696 ponit,
347 1630 433 1698 quae
456 1610 586 1696 patriae
610 1610 784 1677 habebant
806 1612 1043 1695 dmvc6p0c·⁸⁴)
1068 1631 1133 1698 quo
1158 1613 1288 1698 spectat
1311 1632 1392 1678 cura

218 1716 309 1782 urbis
332 1717 464 1784 viarum
487 1738 526 1783 ac
549 1738 672 1784 munus
688 1716 917 1804 prospiciendi,
941 1719 981 1784 ut
996 1718 1097 1784 aedes
1113 1738 1229 1784 omnes
1244 1717 1390 1801 legitime

219 1826 484 1907 exstruantur.⁸⁶)
520 1825 691 1911 Aquarum
709 1829 825 1891 tamen
840 1844 964 1909 euram,
989 1846 1090 1911 quam
1104 1826 1187 1891 item
1202 1826 1392 1908 ἀστυνόμοις

219 1931 397 1996 committit
412 1930 519 2015 Plat0,
543 1932 686 1998 Athenis
710 1930 835 2015 agebat
857 1933 1043 2017 ἐπιμελητὴς
1065 1938 1130 1997 τῶν
1152 1932 1330 2016 apparit
1346 1970 1392 1978 —

219 2036 475 2104 Atheniensium
506 2059 637 2125 quoque
669 2040 842 2122 ἀστυνόμοι
871 2039 1037 2125 proprium
1063 2037 1237 2104 habebant
1259 2040 1394 2103 ἀστυνό-

218 2146 342 2228 μιον,3Ἶ
367 2143 408 2210 de
432 2165 497 2230 quo
521 2146 646 2211 mentio
669 2144 803 2211 inicitur
825 2143 880 2228 XI,
890 2146 955 2210 918
967 2147 1007 2214 A.

308 2250 437 2317 Pariter
470 2253 573 2339 atque
608 2253 809 2336 ἀστυνόμους
845 2252 1004 2318 constitui
1027 2250 1102 2318 vult
1123 2250 1220 2317 Plato
1244 2251 1391 2337 quinque

220 2360 522 2442 ἀγορανόμους
560 2357 743 2443 (7631iss.)
782 2361 830 2424 ‘in
864 2367 929 2424 τῶν
964 2361 1122 2442 δευτέρων
1160 2360 1215 2423 καὶ
1251 2360 1395 2442 πρώτων

218 2467 426 2549 τιμημάτων’.
483 2465 625 2532 Athenis
663 2465 778 2532 decem
816 2466 1003 2553 accepimus
1043 2466 1269 2550 ἀγορανόμους
1302 2468 1390 2532 sorte

221 2568 338 2638 ductos
362 2573 486 2655 esse.⁸⁸t
525 2572 611 2639 Huic
634 2573 846 2658 magistratui
868 2572 930 2639 fori
953 2593 1066 2640 curam
1084 2570 1172 2639 tradi
1195 2593 1258 2637 sua
1274 2574 1395 2658 sponte

221 2681 374 2765 apparet3
407 2677 503 2745 iubet
536 2666 637 2763 igitur
663 2678 880 2766 philosophus
908 2679 1032 2763 (7643)
1067 2680 1304 2763 ’ἀγορανόμους
1336 2679 1395 2743 τὸν

220 2787 292 2869 περὶ
314 2787 370 2870 τὴν
398 2787 519 2869 ἀγορὰν
548 2789 673 2871 κόσμου
775 2789 938 2871 φυλάττειν
970 2789 1024 2852 καλ
1054 2790 1150 2870 ἱερῶν
1179 2787 1233 2851 καλ
1263 2791 1396 2869 κρηνῶν

221 2894 434 2976 ἐπιμελεῖσθαι
459 2899 524 2958 τῶν
548 2896 616 2957 κατ’
640 2893 821 2976 ἀγοράν’λθ)
867 2893 1030 2979 Imprimis
1053 2913 1133 2959 vero
1157 2894 1310 2977 καπηλεία
1332 2892 1396 2957 ieri

221 3018 334 3066 eorum
365 2998 549 3068 comittitur
578 2997 750 3066 custodiae
783 2999 875 3083 (VIII,
883 3000 948 3066 849
962 3002 1001 3081 At
1033 2999 1092 3084 ita,
1124 3003 1164 3065 ut
1192 2998 1397 3085 prospiciant

221 3108 376 3191 maxime,
400 3126 443 3172 ne
467 3107 541 3192 quis
564 3127 690 3172 merces
714 3104 922 3173 adulterinas
944 3102 1082 3190 vendat,
1107 3107 1209 3191 atque
1225 3125 1311 3189 eum,
1337 3106 1396 3190 qui

221 3212 309 3280 hanc
341 3211 449 3297 legem
483 3203 728 3301 contempserit,
763 3212 958 3280 verberibus
992 3213 1159 3296 castigent
1194 3210 1258 3296 (XI,
1267 3212 1332 3277 917
1345 3210 1394 3295 D).

312 3408 341 3478 8¹)
361 3408 396 3462 de
413 3408 540 3478 vestigiis
556 3407 601 3465 43.

312 3496 342 3567 ³²)
361 3497 446 3552 Arist
460 3495 521 3551 Ἀθ.
539 3494 600 3552 ττσλ.
620 3498 663 3564 53,
675 3496 704 3563 13
729 3498 796 3554 Bus.
816 3497 858 3551 St.
883 3514 909 3553 u.
929 3497 964 3551 R.
982 3498 1015 3552 A.
1034 3495 1100 3562 270;
1126 3496 1200 3566 Lips.
1224 3496 1284 3551 Att.
1302 3496 1396 3551 Racbt

222 3602 248 3641 u.
267 3586 443 3642 Rechtsveri.
462 3585 535 3652 Lea

312 3676 342 3745 ⁸³)
361 3676 477 3730 Aristot.
492 3673 554 3729 Ἀθ.
571 3673 632 3728 πολ.
651 3675 694 3742 50,
705 3675 731 3730 2.

312 3764 342 3834 θ’)
360 3764 453 3821 Herm.
473 3765 507 3819 de
524 3763 651 3834 vestigiis
668 3763 702 3819 41
714 3782 754 3836 sq.

312 3853 343 3924 ⁸⁶)
361 3854 435 3924 Lips.
449 3855 507 3910 Att.
521 3853 613 3908 Recht
631 3871 657 3909 u.
670 3853 847 3909 Rechtsverf.
860 3853 881 3918 1,
890 3852 927 3907 89
944 3869 971 3907 n.
986 3851 1049 3918 141;
1068 3852 1146 3908 Paul.
1159 3852 1242 3909 Wiss.
1255 3852 1305 3917 11⁹,
1317 3852 1395 3908 1870.

313 3942 343 4013 ³⁶)
361 3944 426 4000 ibid.
447 3942 528 4009 18713
553 3942 670 3998 Aristct.
685 3940 746 3997 Ἀθ.
764 3939 826 3997 πολ.
844 3941 888 4008 43,
901 3941 929 4009 l;
949 3942 1022 4013 Lips.
1042 3942 1101 3998 Att.
1120 3940 1213 3996 Recbt
1230 3958 1256 3996 u.
1275 3940 1395 3995 Rechts·

222 4031 291 4086 vert.
311 4031 387 4097 1,92.
1140 4065 1142 4070 .

313 4121 343 4190 ³⁷)
362 4120 426 4177 ibid.
445 4121 511 4188 Leo
529 4138 555 4176 n.
571 4120 630 4175 162.
656 4129 660 4137 '

313 4210 343 4279 ³⁸)
362 4210 478 4265 Aristot.
492 4208 554 4264 Ἀθ.
572 4206 633 4265 πολ.
652 4209 695 4276 51,
707 4209 730 4264 l.

313 4299 343 4368 ³⁹)
363 4298 398 4353 cf.
418 4298 489 4353 Gilb.
508 4299 653 4354 Staatsalt.
673 4299 692 4365 Ι,
703 4298 764 4354 289.
