3292 5017
676 375 899 440 „53-

200 552 358 639 quesibi
381 552 595 619 interdictum
618 553 672 636 sit,
695 551 814 638 pedem
837 572 960 637 ponere
982 554 1128 635 vetatur,
1152 554 1241 618 recte
1261 555 1375 619 monet

200 655 373 727 Hermann
382 662 419 743 ⁹²)
458 657 499 725 de
537 659 638 724 simili
675 677 780 725 causa
818 679 948 742 eorum,
993 656 1034 725 de
1072 658 1193 744 quibus
1233 659 1374 726 Athenis

200 764 359 832 iudicium
381 766 600 832 Phreatteum
623 767 827 832 sententiam
851 765 974 832 tulerit.

292 872 384 954 Quae
415 874 595 959 praecepta
626 873 722 939 Plato
753 874 929 958 praeterea
960 870 1000 937 de
1032 872 1095 938 hoc
1117 870 1231 937 caedis
1254 891 1374 954 genere

204 977 273 1064 dat,
298 979 342 1044 ab
365 979 622 1045 Atheniensium
653 982 742 1045 certe
773 978 904 1062 legibus
927 978 1084 1045 videntur
1107 978 1283 1044 abhorrere
1306 998 1374 1043 non

201 1086 312 1152 minus
336 1107 436 1173 quam
460 1108 511 1170 ea,
537 1107 623 1173 quae
647 1085 760 1167 (8661)
777 1091 830 1168 ss.)
848 1086 889 1152 de
905 1085 1006 1152 caede
1022 1086 1179 1172 perirem
1193 1123 1238 1131 -
1252 1084 1375 1170 partim

198 1195 476 1279 ἀπροβουλεύτως,
500 1193 623 1280 partim
644 1197 711 1278 μετ’
725 1196 894 1278 ἐπιβουλῆς
910 1232 952 1240 -
969 1192 1146 1259 commissa
1162 1191 1373 1276 sanciuntur,

197 1300 290 1368 >hano
314 1300 401 1366 enirn
418 1301 563 1387 speciem
578 1298 796 1387 philosophus
813 1299 910 1387 quasi
926 1298 1071 1366 medium
1086 1298 1187 1382 fingit
1203 1300 1375 1364 tenentem

201 1408 289 1474 inter
311 1409 414 1493 φόνον
437 1410 589 1473 ἀκούσιον
612 1410 647 1473 et
670 1409 865 1490 inodotov.⁹³)

294 1515 400 1586 Φόνος
423 1518 538 1581 autem
561 1517 706 1587 ἑκούσιος
728 1516 894 1581 tractatur
917 1516 1027 1581 871A
1051 1535 1093 1579 ss

290 1620 339 1686 Ac
354 1620 497 1706 primum
508 1620 765 1687 Atheniensium
781 1624 917 1687 secutus
933 1621 1079 1703 usum⁰⁴l
1096 1620 1255 1706 praecipit
1266 1618 1372 1703 Plato,

200 1731 241 1794 ut
255 1727 430 1815 propinqui
444 1727 589 1793 hominis
605 1727 704 1794 occisi
719 1729 847 1800 ‘irrdc
870 1729 1159 1812 dvepcdrproc’
1175 1724 1374 1792 homicidam

200 1837 444 1920 persequantur
476 1837 578 1921 atque
608 1835 741 1900 initium
771 1833 992 1921 persequendi
1022 1834 1150 1899 iaciant
1177 1854 1199 1898 a
1222 1831 1374 1899 sollemni

195 1943 450 2025 προρρήσει,
475 1963 543 2028 qua
557 1941 714 2008 iubeatur
737 1941 791 2007 ille
812 1945 903 2007 ’τῶν
919 1945 1111 2026 νομίμων
1134 1943 1373 2024 εἴργεσθαί.

289 2046 427 2114 Recedit
450 2050 564 2113 tamen
587 2049 631 2115 ab
654 2048 724 2114 iure
748 2048 861 2114 Attico
884 2046 1098 2134 philosophus
1122 2068 1170 2129 eo,
1195 2045 1374 2134 quodiam

201 2157 281 2221 ante
309 2153 504 2221 homicidam
530 2155 574 2220 ab
598 2155 752 2221 omnibus
776 2155 918 2242 publicis
940 2154 1021 2221 locis
1045 2158 1106 2220 aut
1130 2153 1286 2221 aedificiis
1311 2153 1374 2220 ab·

133 2286 136 2292 ·
201 2280 276 2326 esse
313 2260 506 2347 iuribusque
544 2261 685 2348 publicis
724 2262 893 2328 abstinere
930 2260 1021 2342 vult,
1061 2282 1164 2348 quam
1197 2261 1374 2348 propinqui

199 2367 377 2451 πρόρρησιν
406 2370 685 2453 pronuntient39⁶l
717 2390 826 2455 neque
851 2370 940 2435 enim
962 2368 1106 2434 Athenis
1128 2367 1176 2433 illi
1198 2369 1270 2454 ipso
1293 2368 1373 2451 iure,

201 2472 262 2538 sed
276 2478 449 2559 προρρήσει
465 2474 598 2542 demum
614 2479 786 2561 ἀγχιοτέων
804 2479 839 2543 et
853 2479 1069 2562 βασιλέως,
1088 2474 1131 2541 ad
1147 2496 1245 2562 quern
1258 2496 1373 2541 omnes

200 2581 285 2646 ὃίιιαι
300 2584 429 2665 φονικοὶ
445 2585 542 2649 erant
557 2581 767 2667 deferendae,
784 2593 849 2655 τοῖς
864 2587 1011 2668 νομίμοις
1025 2582 1178 2649 interdici
1194 2582 1371 2665 solebat.⁹⁶l

288 2704 389 2773 Porro
421 2707 529 2772 sancit
551 2706 658 2785 Plato,
690 2709 730 2773 ut
758 2708 787 2772 is
815 2710 986 2792 cypressis,
1017 2708 1074 2794 qui
1097 2709 1200 2793 φόνου
1224 2710 1372 2773 ἑκουσίου

199 2833 338 2878 causam
376 2812 578 2878 interfectori
616 2812 788 2890 intendat,
829 2812 872 2878 ab
890 2887 892 2893 ,
908 2835 946 2879 eo
981 2820 1050 2880 tres
1084 2813 1190 2880 vades
1224 2812 1373 2899 postulet

199 2922 370 3004 caventeS,
405 2921 445 2984 ut
479 2939 515 2984 se
549 2919 650 2984 sistat
684 2918 756 3000 (871
776 2918 821 3002 ll).
869 2919 927 2985 sin
961 2942 1037 2986 reus
1070 2920 1175 2986 vades
1206 2942 1273 2986 non
1304 2920 1370 3004 det,

200 3025 432 3110 magistratus,
469 3024 525 3111 qui
555 3024 675 3091 iudicio
706 3027 846 3112 praesit,
883 3048 960 3092 eum
989 3027 1024 3091 in
1056 3024 1215 3093 custodiis
1247 3025 1371 3092 habere

200 3129 335 3196 iubetur
366 3153 473 3218 usque
504 3131 548 3199 ad
571 3130 656 3197 diem
681 3131 801 3198 iudicii.
847 3132 990 3199 Athenis
1013 3133 1048 3197 in
1072 3133 1226 3199 omnibus
1250 3132 1370 3215 censio,

202 3240 237 3302 et
258 3235 399 3323 publicis
423 3241 457 3305 et
479 3239 629 3325 privatio,
654 3239 818 3325 peregrini
840 3243 976 3306 tantum
999 3245 1060 3305 aut
1083 3238 1188 3305 vades
1203 3240 1295 3326 posci
1310 3243 1372 3305 aut

200 3343 236 3409 in
274 3343 458 3409 custodiam
497 3345 583 3413 tradi
613 3349 785 3433 poterant;
825 3348 914 3415 cives
947 3352 1061 3413 autem
1091 3384 1134 3393 -
1167 3345 1370 3413 debitoribus

289 3575 374 3646 ”lde
392 3575 519 3645 vestigiis
536 3577 637 3648 50sq.;
668 3578 702 3634 ci.
723 3582 869 3649 praeterea
892 3574 1164 3634 Aristot.’A1t.aot.
1183 3575 1268 3644 57,4;
1300 3578 1369 3634 Gilb.

201 3662 345 3720 Staatsalt.
364 3663 461 3730 1‚429;
481 3664 555 3736 Lips.
574 3668 633 3721 Att.
652 3667 744 3722 Reeht
762 3685 788 3723 u.
808 3666 984 3723 Rechtsveri.
1003 3668 1022 3733 l,
1035 3667 1087 3722 130
1098 3683 1139 3738 sq.
1410 3739 1414 3740 ἶ

290 3752 321 3823 ⁹³)
341 3754 420 3818 Gilu,
448 3753 544 3808 Jahrb.
572 3754 591 3808 f.
617 3755 654 3810 kl.
679 3756 751 3810 Phil.
777 3756 871 3828 Suppl.
891 3757 926 3811 23
954 3756 1041 3826 (laer)
1068 3774 1094 3827 p.
1118 3756 1184 3823 5353
1216 3757 1307 3813 Herm.
1336 3758 1371 3812 de

199 3840 273 3894 vesti
294 3841 309 3852 '¹
381 3885 387 3896 .

273 3842 401 3998 glldlsihdd.
414 3929 464 3997 493
478 3931 541 3988 Sch.
555 3932 630 4003 lips.
644 3933 689 3989 Gr.
702 3933 758 3991 Alt.
773 3933 869 4000 1‚509;
882 3935 960 3991 Paul.
973 3935 1056 3991 Wiss.
1071 3935 1108 4000 1³,
1119 3935 1204 4001 21103
1217 3935 1370 4000 Geillemer,

76 4063 78 4068 .
199 4017 274 4071 droit
292 4018 327 4072 de
345 4020 505 4075 succession
526 4021 575 4076 185
594 4037 634 4093 sq.

289 4108 319 4178 ⁰⁵)
338 4108 429 4164 Herm.
450 4109 484 4163 de
501 4110 628 4179 vestigiis
646 4110 688 4166 55.

199 4284 226 4339 al
288 4197 319 4264 ⁹⁰)
339 4197 401 4253 Sch.
412 4198 486 4269 Lips.
498 4199 543 4255 Gr.
553 4198 610 4254 Alt.
621 4199 712 4267 1,509;
728 4199 804 4256 Paul.
812 4202 897 4256 Wiss.
906 4201 1020 4268 linceo
1035 4202 1127 4258 Herm.
1138 4200 1251 4257 Thums
1263 4201 1371 4258 Staate·

226 4288 247 4342 t.
260 4286 293 4352 ss,
305 4286 366 4342 368.
