3292 5017
718 430 942 495 -73-

235 611 294 674 tur
316 610 431 674 tamen
452 608 581 694 patriae
605 628 657 673 res
680 608 738 691 ita,
769 612 809 673 ut
839 628 977 674 causam
1000 611 1178 682 κακώσεως
1201 611 1323 692 γονέων
1346 629 1413 674 nen

234 715 347 781 :solum
370 714 413 781 ab
445 734 494 798 eo,
527 713 584 801 qui
607 714 763 780 iniuriam
787 714 961 801 acceperit,
994 736 1110 781 verum
1142 714 1256 800 etiam,
1293 715 1322 780 si
1344 716 1414 802 ipse

232 824 439 905 κακούμενος
470 842 568 905 agere
598 823 755 907 nequeat,
788 843 810 887 a
833 819 982 907 quolibet
1010 822 1082 888 eive
1106 821 1189 887 velit
1218 821 1413 906 institui.¹⁸⁴)

238 927 321 994 (lum
344 949 387 994 ex
402 927 553 995 Platonis
576 928 789 994 institutione
811 928 867 994 hic
890 930 979 1011 ἀγὼν
1003 927 1048 994 sit
1069 931 1198 1012 τιμητός
1223 931 1363 1013 (τιμάτω
1378 930 1414 993 τὸ

235 1037 449 1120 δικαστήριον,
489 1037 509 1100 ὅ
541 1061 568 1100 τι
602 1036 664 1119 χρὴ
698 1038 789 1100 τίνειν
820 1040 840 1119 ἢ
871 1038 1035 1119 neapol,
1075 1035 1217 1101 Athenis
1256 1038 1416 1120 ἀτιμήτους

234 1142 357 1227 capitis
382 1141 608 1208 deminutione
641 1162 736 1207 reum
762 1141 856 1207 litem
879 1141 970 1208 illam
996 1141 1210 1209 amittentem
1232 1140 1415 1209 multatum

239 1269 313 1315 esse
351 1248 602 1334 accepimus.¹⁸⁶)
664 1247 844 1314 Praeterea
882 1252 1058 1315 moneatur
1103 1252 1246 1314 αἰκίαν
1283 1252 1414 1332 γονέων,

231 1375 340 1441 quam
355 1353 573 1441 philosophus
590 1355 655 1439 (IX,
666 1356 730 1421 881
741 1356 781 1438 D)
799 1358 948 1440 ἀειφυγίᾳ
971 1354 1023 1443 ΙαίΙ
1038 1355 1142 1438 iubet,
1167 1354 1310 1421 Athenis
1327 1357 1414 1421 certe

235 1461 274 1527 in
298 1482 437 1527 numero
460 1465 690 1527 κακώσεων
713 1465 836 1545 γονέων
858 1461 1012 1527 habitam
1036 1464 1173 1545 essem)

329 1566 430 1634 934E
454 1569 617 1634 statuitur
632 1570 765 1653 ’μηδένα
781 1572 1060 1654 κακηγορείτω
1076 1571 1206 1654 μηδείξ.
1229 1568 1415 1634 Athenien·

231 1695 295 1740 :ees
330 1672 584 1758 distinguebant
621 1677 708 1741 inter
742 1678 909 1760 ἀπόρρητα
945 1678 980 1741 et
1016 1677 1184 1759 λοιδορίας.
1236 1676 1414 1759 Ἄπόρρητα

240 1784 329 1847 enim
372 1783 464 1848 certa
507 1784 604 1847 erant
641 1782 746 1848 verba
782 1822 825 1829 -—
865 1781 960 1849 velut
997 1784 1214 1866 ἀνδροφόνος,
1253 1784 1415 1866 ῥίψασπις,

230 1890 431 1972 πατραλοίας
452 1891 707 1974 μητραλοίας887)
731 1928 775 1936 -
799 1888 921 1975 quibus
944 1910 986 1954 ne
1011 1890 1084 1974 quis
1116 1888 1169 1953 cui
1193 1887 1414 1968 malediceret,

235 1994 362 2060 diserte
386 1993 515 2078 legibus
532 1997 605 2062 erat
619 1993 843 2078 interdictum¹
867 1997 1020 2079 λοιδορίαι
1036 1999 1150 2062 autem
1167 1997 1298 2061 ceterae
1315 2015 1416 2060 voces

232 2100 511 2186 contumeliosae,
545 2123 630 2188 quas
654 2104 725 2187 δίκη
751 2105 1019 2186 κακηγορίας
1050 2101 1145 2188 sequi
1175 2122 1243 2168 non
1273 2104 1414 2188 poterat,

236 2207 305 2273 nisi
328 2207 469 2294 publicis
491 2207 571 2274 locis
596 2212 693 2274 erant
714 2208 888 2292 elatae.¹⁸⁸)
934 2207 1031 2275 Hane
1054 2207 1196 2275 alteram
1219 2211 1416 2291 κακηγορίας

233 2315 385 2400 speciem
407 2317 534 2381 tractat
556 2315 653 2381 Plato
678 2316 742 2381 935
752 2315 788 2381 Β.
811 2355 856 2363 -
880 2314 946 2381 Sed
969 2336 1011 2381 ne
1036 2316 1155 2381 ceteris
1178 2313 1312 2402 quidem
1334 2313 1416 2381 locis

232 2422 400 2505 ⁴,iordoplcc
423 2443 499 2487 eum
517 2420 694 2489 admittere
711 2421 857 2489 efficitur
873 2443 915 2487 ex
931 2423 996 2488 935
1005 2421 1037 2488 G.
1083 2422 1113 2487 N
1115 2443 1153 2487 ec
1170 2442 1248 2488 vero
1264 2423 1415 2507 praeter-

240 2527 442 2594 mittendum
464 2527 598 2595 ridetur
628 2551 702 2595 esse
734 2533 852 2615 poetas
874 2529 981 2595 iuberi
1010 2530 1183 2614 μηδαμῶς
1205 2530 1328 2613 μηδένα
1350 2535 1415 2593 τῶν

231 2636 378 2700 παλμῶν
423 2637 606 2720 κωμῳδεῖν
646 2636 721 2717 (935
744 2634 792 2720 Ε),
841 2657 905 2722 quo
950 2634 1126 2702 interdicto
1164 2655 1337 2701 monemur
1374 2633 1415 2700 de

240 2741 498 2808 Atheniensium
536 2741 681 2828 quodam
719 2746 911 2827 ψηφίσματα
946 2743 1002 2827 ’μὴ
1043 2744 1192 2827 ὀνομαστὶ
1224 2743 1416 2826 κωμῳδεῖν’.

241 2847 306 2914 Sed
330 2847 491 2934 pauculos
516 2869 623 2915 annos
639 2848 703 2915 hoc
717 2853 871 2934 ψήφισμα
887 2849 1039 2933 valebat3
1062 2847 1256 2936 plerumque
1272 2848 1416 2914 Athenis

235 2958 372 3041 praeter
394 2975 543 3022 summos
559 2956 777 3039 magistratus
801 2960 837 3023 et
851 2956 1070 3043 Areopagitas
1087 2976 1201 3022 omnes
1218 2955 1416 3022 comicorum

240 3064 413 3148 poetarum
437 3062 578 3129 ludibrio
602 3066 699 3129 erant
722 3063 919 3145 obnoxii.¹⁸⁰)

330 3168 474 3234 Causam
496 3161 883 3255 ψευδομαρτυρίων
908 3169 1102 3252 (937Β-Β)
1125 3168 1204 3235 licet
1226 3168 1417 3255 praeterire,

234 3276 398 3360 *quoniam
422 3274 462 3341 de
494 3277 648 3344 omnibus
680 3277 935 3363 quaestionibus
958 3277 1024 3343 huc
1053 3275 1284 3362 spectantibus
1306 3313 1351 3323 —
1374 3273 1415 3340 de

243 3384 418 3466 ἐπισκήψει,
458 3380 498 3447 de
532 3383 607 3469 ipsa
639 3403 744 3449 causa
777 3386 1077 3468 ψευδομαρτυρίων,
1117 3381 1157 3449 de
1192 3385 1339 3466 δναδικίᾳ
1373 3402 1416 3447 ex

241 3487 443 3555 testimoniis
466 3488 640 3555 fallacibus
665 3488 806 3555 oriunda
828 3490 1066 3576 —perspicue
1091 3509 1232 3556 excusso
1256 3487 1415 3576 imprimis

243 3592 299 3658 illo
323 3596 394 3681 ipso
417 3595 544 3679 Legum
566 3594 638 3662 loeo
663 3595 819 3662 disseruit
841 3595 1071 3678 Renuseheu)

332 3825 373 3894 ¹⁸⁴)
393 3825 484 3881 Herm.
499 3826 548 3882 iur.
563 3827 636 3883 dom.
651 3844 740 3897 comp.
756 3826 802 3893 1‘1;
822 3828 882 3882 Ate.
895 3828 975 3883 Proc.
988 3828 1050 3884 358.

332 3914 374 3983 ¹⁸⁶)
393 3914 457 3970 ibid.
471 3915 537 3981 3603
558 3915 650 3972 Herm.
664 3916 777 3971 Thums.
793 3915 938 3971 Staatsalt.
952 3916 984 3982 11,
998 3916 1059 3973 475.

332 4002 373 4071 ¹⁸⁶)
394 4006 451 4059 Att.
466 4004 545 4061 Proc.
559 4005 619 4060 355.

332 4092 374 4160 ²⁸⁷)
393 4092 457 4148 ibid.
470 4092 536 4159 oao;
556 4093 648 4149 Herm.
663 4093 761 4150 Tlralh.
777 4095 810 4149 R.
824 4096 856 4149 A.
871 4093 919 4160 41;
940 4095 1016 4151 Paul.
1030 4095 1113 4150 Wiss.
1127 4095 1164 4148 ΙΙ1
1184 4094 1243 4152 176.

332 4181 373 4250 ¹⁸⁸)
393 4181 485 4238 Herm.
499 4183 534 4236 de
551 4183 677 4252 vestigiis
694 4183 743 4249 67;
762 4183 821 4238 Att.
836 4183 916 4239 Proc.
928 4183 980 4237 631
992 4200 1033 4255 sq.

332 4270 374 4340 ¹³⁹)
394 4271 457 4327 Soh.
471 4271 546 4341 Lips.
560 4272 606 4327 Gr.
619 4271 675 4326 Alt.
689 4273 708 4336 Ι,
719 4271 772 4327 565
781 4287 823 4342 sq.

332 4357 428 4428 188ίδε
459 4356 517 4432 δίκῃ
549 4355 658 4429 ηενδομ.
672 4360 706 4414 10
715 4376 764 4426 ss.;
797 4360 843 4415 hic
872 4361 914 4415 vir
944 4362 1046 4415 doctus
1077 4361 1162 4415 etiam
1193 4360 1343 4415 Hermanni
1373 4361 1416 4430 (de
