3292 5017
724 400 942 466 -42-

251 598 335 663 quos
364 576 446 646 item
477 576 678 645 ab=0raculo
701 577 860 663 Delphico
885 577 1009 644 electos
1033 597 1106 644 esse
1130 597 1172 643 ex
1194 578 1266 663 ipso
1288 577 1426 644 nomine

250 682 384 750 videtur
407 683 506 750 effici.

342 792 493 875 Ταμίαι
516 788 634 857 deinde
651 791 902 857 constituuntur
925 792 1001 872 (760
1012 792 1051 874 A)
1075 811 1146 873 sex,
1169 792 1209 856 ut
1227 792 1332 874 κύριοι
1354 790 1427 857 sint

250 900 326 963 ‘scira
347 923 379 963 τε
402 900 498 982 ἱερῶν
519 898 725 983 χρημάτων.
749 948 756 964 .
780 947 787 964 .
810 899 866 963 καί
887 905 1027 982 τεμενῶν
1056 898 1111 962 καί
1140 903 1276 981 καρπῶν
1301 898 1427 963 τούτων

250 1005 304 1069 καὶ
325 1006 539 1089 μισθώσεων.
585 1004 711 1070 Eadem
733 1003 818 1070 haec
842 1003 952 1071 officia
974 1004 1147 1070 habebant
1166 1002 1423 1070 Atheniensium

249 1114 356 1195 ταμίαι
384 1118 450 1177 τῶν
479 1113 575 1194 ἱερῶν
603 1110 831 1197 χρημάτωνῶθ)
881 1111 986 1177 Erant
1016 1110 1105 1177 enim
1135 1110 1277 1176 Athenis
1309 1109 1423 1177 decom

249 1221 356 1303 ταμίαι
381 1226 446 1283 τῶν
469 1221 564 1301 ἱερῶν
586 1220 763 1303 χρημάτων
784 1226 840 1303 τῆς
858 1220 1038 1303 Ἀθηναίας,
1069 1215 1210 1284 totidem
1231 1220 1337 1300 ταμίαι
1358 1223 1429 1282 τῶν

250 1326 356 1390 ἄλλων
385 1327 482 1390 θεῶν.
528 1323 713 1411 Utrumque
743 1345 822 1391 vero
855 1324 1028 1408 collegium
1059 1323 1190 1391 solebat
1219 1326 1309 1390 sorte
1333 1321 1428 1409 duci;¹

250 1430 347 1497 Plato
370 1429 444 1498 illos
466 1434 579 1515 ταμίας
601 1430 700 1514 fingit
723 1431 835 1497 creari,
882 1431 1057 1499 Consentit
1079 1434 1194 1497 tamen
1217 1451 1294 1496 cum
1316 1429 1423 1496 Athe-

250 1537 423 1604 niensibus
455 1558 504 1621 eo,
536 1537 634 1624 quod*
655 1541 703 1603 ‘iu
732 1545 798 1603 τῶν
828 1542 985 1623 μεγίστων
1013 1539 1209 1623 τιμημάτων
1241 1556 1299 1603 eos
1329 1537 1429 1604 iubet

251 1643 340 1729 eligi3
355 1644 498 1710 Athenis
513 1645 596 1711 item
611 1648 724 1730 ταμίου
740 1665 878 1711 munere
893 1644 989 1729 fungi
1005 1665 1072 1711 non
1083 1645 1207 1711 licebat
1217 1644 1283 1710 nisi
1295 1644 1426 1710 civibus

250 1751 354 1837 primo
378 1752 494 1817 censui
516 1751 717 1838 ascriptam

341 1856 440 1923 76οΒ
453 1878 496 1923 ss.
520 1857 648 1924 civibus
672 1857 829 1924 curandis
851 1859 919 1924 ruri
934 1858 1167 1924 habitantibus
1183 1856 1429 1943 praeficiuntur

250 1984 293 2030 ex
316 1963 455 2048 singulis
478 1964 632 2031 tribubus
656 1955 816 2049 sexageni
838 1966 1074 2049 ἀγρονόμοι
1103 1964 1158 2031 vel
1180 1966 1366 2048 φρουροὶ
1388 1969 1430 2032 οι

251 2071 342 2156 quini
358 2073 677 2156 ppodpopxocffl)
702 2070 765 2152 Qui
776 2073 865 2138 intra
877 2071 1050 2137 biennium
1061 2070 1219 2138 iubentur
1230 2072 1424 2137 accuratam

249 2177 405 2244 notitiam
429 2178 579 2244 omnium
600 2180 708 2244 terrae
728 2178 875 2264 partium
890 2178 954 2244 sibi
969 2199 1086 2265 parare
1102 2180 1204 2264 atque
1221 2178 1312 2244 omni
1325 2178 1425 2245 modo

250 2283 380 2353 civibus
402 2283 467 2351 illis
490 2285 683 2371 prospicere.
721 2285 795 2371 lpse
811 2284 909 2351 Plato
933 2287 1009 2367 (763
1021 2284 1058 2368 B)
1082 2285 1252 2369 significat
1274 2284 1337 2350 sibi
1359 2284 1427 2350 hoc

251 2389 407 2457 condenti
418 2412 541 2458 munus
554 2392 724 2458 obversari
735 2393 882 2459 maxime
894 2383 1235 2458 Lacedaemoniorum
1246 2395 1422 2475 κρυπτείαν.

251 2497 461 2583 Quamquam
476 2498 713 2581 Hermann0⁸⁰l
737 2497 836 2564 facile
860 2497 1003 2565 concedo
1021 2507 1178 2583 φρουροῖς
1194 2500 1282 2564 certe
1298 2498 1425 2584 aliquid

251 2624 325 2671 esse
357 2624 531 2671 commune
554 2625 631 2670 oum
653 2605 910 2671 Atheniensium
933 2608 1075 2690 ἐφήβοις,
1107 2625 1191 2691 quos
1213 2605 1295 2672 item
1317 2606 1425 2672 altero

251 2731 340 2777 anno
365 2709 409 2777 ad
431 2732 489 2776 rus
512 2710 767 2778 custodiendum
791 2713 915 2778 scimus
938 2711 1105 2779 adhibitos
1129 2733 1203 2778 esse
1226 2713 1285 2793 ita,
1308 2714 1349 2777 ut
1367 2710 1424 2777 alii

250 2818 285 2883 in
317 2817 390 2884 aliis
415 2818 547 2885 Atticae
577 2818 767 2902 regionibus
798 2817 1038 2885 collocarentur
1064 2819 1099 2884 in
1122 2819 1351 2903 ppovptoce·⁸⁰l
1383 2838 1425 2883 ao

249 2924 324 2990 fieri
346 2926 468 3011 potest,
494 2927 533 2991 ut
554 2924 639 3020 liaeo
661 2927 801 3009 φρούρια
825 2927 905 2992 ante
929 2924 1041 2992 oculos
1064 2925 1192 2991 habeat
1206 2924 1429 3010 philosophus

249 3030 335 3113 VIII,
345 3032 410 3096 848
425 3030 468 3114 la,
503 3052 569 3118 quo
603 3031 676 3098 loco
710 3032 885 3119 praecipit,
920 3034 960 3098 ut
994 3034 1174 3116 οἰκοδομίαι
1208 3029 1427 3098 aedificentur
1536 3071 1540 3079 ·

190 3207 192 3212 χ
250 3140 419 3222 “φρονροῖς
434 3191 441 3204 .
458 3190 464 3204 .
482 3191 488 3204 .
505 3140 649 3223 ὄποόοχὴ
674 3140 720 3204 ὅτι
741 3140 875 3223 μάλιστα
890 3141 1043 3223 εὐερκήξ.
1086 3139 1319 3222 Φρονράρχους
1334 3158 1424 3221 vere,

251 3244 371 3329 quibus
396 3244 560 3328 (rernm)
584 3247 737 3332 potestas
760 3246 864 3312 etiam
886 3247 940 3311 ius
963 3242 1091 3311 dicendi
1107 3242 1288 3310 mandatur
1301 3244 1360 3329 ita,
1384 3247 1425 3312 ut

250 3371 304 3416 res
335 3352 529 3419 minutiores
553 3352 741 3438 disceptent
762 3352 837 3439 ipsi,
867 3351 1035 3436 graviores
1058 3353 1173 3417 autem
1199 3354 1304 3435 ’μέχρι
1325 3358 1427 3436 τριῶν

221 3476 225 3483 ·
249 3461 354 3541 μνῶν’
385 3479 444 3544 per
474 3462 601 3525 certum
632 3479 808 3524 numerum
838 3465 995 3542 φρουρῶν
1026 3456 1141 3541 adiuti,
1173 3458 1264 3524 haud
1290 3457 1426 3544 illepide

339 3707 369 3777 ⁹⁰)
390 3706 453 3763 Soh.
472 3707 548 3778 Lips.
568 3706 614 3761 Gr.
632 3707 689 3762 Alt.
707 3706 728 3773 1,
737 3706 800 3763 452.

339 3795 369 3865 ¹⁷)
388 3796 466 3863 ibid.;
491 3796 583 3852 Herm.
603 3796 638 3850 de
655 3796 781 3865 vestigiis
800 3795 835 3849 35
853 3795 959 3862 n.135;
985 3795 1055 3850 Gilb.
1076 3796 1219 3851 Staatsalt.
1240 3794 1336 3861 1‚145;
1354 3795 1425 3851 Rus„

251 3883 292 3939 St.
312 3901 338 3939 u.
357 3884 390 3941 R.
410 3886 442 3939 A.
464 3883 523 3939 148.

339 3973 369 4043 2⁸)
389 3973 466 4029 Paul.
480 3973 563 4029 Wiss
582 3974 620 4040 1¹,
630 3973 692 4030 904.

339 4061 370 4132 ²⁰)
390 4062 424 4117 de
442 4063 569 4132 vestigiis
586 4063 629 4119 31.

339 4150 369 4220 ³⁰)
390 4150 453 4206 Sola
479 4152 552 4222 Lips.
578 4151 622 4208 Gr.
649 4151 820 4218 A1t.1,379;
845 4151 1037 4206 .Wilamcwitz
1066 4152 1121 4221 (Ar.
1145 4169 1171 4207 u.
1191 4150 1426 4222 Ath.1‚199sq.l

251 4240 407 4310 suspicatur
436 4240 585 4295 Platonem
615 4242 741 4312 φρουροὺς
771 4241 990 4295 constituentem
1020 4241 1233 4295 Atheniensium
1250 4229 1426 4296 ¹institutum

249 4330 369 4384 retinere
386 4333 473 4401 atque
491 4329 671 4401 amplificare.
