3292 5017
685 423 909 490 ...67-

208 601 423 685 interemerit,
456 622 478 666 a
504 601 695 688 propinquis
724 603 846 668 mortui
875 601 994 688 quavis
1021 602 1149 668 ratione
1172 601 1269 669 Plato
1292 603 1385 671 iubet

206 707 314 774 cecidi
338 708 414 791 (868
429 707 456 773 Β
473 707 518 791 (i),
542 707 585 775 ab
605 709 719 774 Attico
742 708 813 774 iure
837 706 937 794 plane
960 708 1146 792 digressae,
1170 712 1385 795 nequeenim

209 815 353 882 Athenis
387 814 493 881 ullum
524 836 656 881 servum
692 814 814 881 licebat
848 813 1020 881 indicta
1054 835 1191 881 causa
1225 815 1383 902 supplicio

206 921 407 1005 efficerent

298 1027 419 1094 Utrum
435 1031 550 1095 autem
564 1027 760 1115 philosopho
777 1028 853 1110 (872
869 1027 909 1114 B)
925 1028 1099 1113 sancienti,
1125 1031 1164 1095 ut
1184 1049 1303 1094 servus
1319 1028 1383 1114 ille,

207 1136 268 1222 qui
289 1134 431 1201 liberum
454 1135 622 1201 hominem
647 1133 798 1201 consulto
826 1173 870 1182 -
901 1135 974 1201 sive
996 1155 1056 1221 per
1085 1138 1283 1220 αὐτοχειρίαν
1297 1184 1300 1191 -
1313 1136 1385 1202 sive

210 1263 268 1328 per
290 1244 457 1327 βούλευσιν
481 1281 523 1289 -
546 1241 759 1325 interfecerit,
783 1262 804 1307 a
827 1240 959 1328 publico
981 1241 1133 1308 carnifice
1149 1263 1249 1329 prope
1266 1263 1385 1309 monu-

209 1352 363 1415 mentum
386 1349 508 1415 mortui
532 1347 653 1414 ductus
669 1348 865 1415 verberibus
881 1350 1028 1430 necetur,
1051 1348 1309 1415 Atheniensium
1326 1350 1385 1415 ob·

209 1458 363 1523 versetur
385 1476 468 1522 usus
491 1474 607 1538 necne,
633 1453 811 1521 diiudicare
835 1475 904 1521 non
927 1454 1131 1543 possum.¹¹⁸)

299 1562 413 1628 Tertia
435 1564 540 1647 φόνου
563 1562 691 1648 species
715 1564 768 1628 est
790 1564 894 1647 φόνος
917 1563 1046 1634 δίκαιος.
1090 1563 1139 1627 Αο
1161 1561 1305 1649 primum
1327 1583 1386 1649 per

209 1669 263 1735 ius
301 1670 452 1736 Atticum
489 1668 733 1735 concedebatur
768 1667 905 1753 caedes,
945 1689 1047 1754 quam
1081 1667 1231 1736 iaciebat
1264 1668 1385 1756 aliquis

206 1778 491 1860 *ἀμυνόμενος
514 1778 699 1861 ἄρχοντα
722 1783 877 1861 χειρῶν
899 1777 1150 1858 ἀδίκωνᾞῑθ)
1175 1796 1261 1862 quae
1285 1775 1384 1843 dictio

208 1881 253 1948 ad
284 1883 424 1949 verbum
454 1882 524 1948 iere
556 1883 696 1949 occurrit
727 1882 793 1949 869
818 1880 889 1965 OD,
924 1881 981 1947 ubi
1003 1880 1100 1948 Plato
1133 1882 1287 1949 omnibus
1310 1902 1384 1968 per-

210 1990 323 2070 mittit,
355 1993 394 2056 ut
424 1989 468 2055 ab
498 1989 624 2056 iniusto
654 1989 784 2076 impetu
810 2009 846 2054 se
871 1987 1088 2055 defendentes
1112 1987 1258 2075 aliquem
1280 1990 1384 2055 inter·

209 2096 337 2180 liciant,
369 2096 435 2162 nisi
467 2095 556 2182 quod
589 2117 703 2166 servos
735 2095 778 2162 ab
810 2095 1001 2162 hominibus
1032 2094 1144 2160 liberis
1168 2100 1229 2162 aut
1251 2094 1385 2162 liliosa

209 2203 405 2288 parentibus
433 2224 469 2269 se
501 2201 678 2268 defendere
709 2205 807 2268 vetat
829 2203 889 2284 ita,
918 2205 958 2268 ut
979 2201 1044 2267 illis
1068 2205 1208 2268 mortem
1231 2203 1383 2269 atterant.

207 2308 328 2376 Cetera
351 2307 462 2376 caedis
485 2310 596 2375 iustae
620 2329 744 2392 genera
767 2312 1007 2375 enumerantur
1030 2309 1096 2376 874
1110 2307 1179 2375 ΒΟ.
1218 2308 1288 2375 lam
1304 2330 1383 2377 vero

210 2436 268 2502 per
283 2414 472 2503 philosophi
486 2418 667 2503 praecepta
688 2415 743 2482 fas
767 2419 820 2482 est
842 2415 951 2481 furem
973 2419 1075 2482 noctu
1095 2416 1131 2481 in
1151 2414 1251 2482 aedes
1266 2416 1384 2481 irrum-

209 2526 346 2611 pentem
369 2523 516 2589 occidere
539 2543 607 2589 non
630 2524 740 2589 minus
764 2544 866 2609 quam
888 2525 1086 2608 λωποδύτην,
1111 2522 1140 2588 si
1160 2523 1213 2588 eui
1233 2522 1301 2588 vim
1321 2523 1384 2590 ad·

210 2629 344 2712 hibeat3
376 2628 495 2697 deinde
526 2651 612 2713 eum,
645 2631 702 2717 qui
732 2629 862 2695 mulieri
885 2628 1010 2696 liberae
1033 2633 1094 2695 aut
1116 2649 1218 2716 puero
1242 2631 1325 2713 ’περὶ
1346 2631 1383 2695 τὰ

206 2739 391 2821 ἀφροδίσιο’
422 2736 526 2803 iaciat
555 2737 634 2820 vim,
667 2740 727 2803 aut
757 2737 820 2823 ipsi
851 2737 920 2802 vim
950 2735 1094 2822 patienti
1117 2739 1178 2802 aut
1202 2736 1273 2802 eius
1296 2737 1382 2822 pat‘

208 2847 271 2909 aut
293 2843 453 2910 fratribus
477 2846 537 2909 aut
559 2844 634 2910 filiis
658 2842 735 2910 licet
758 2844 893 2930 impune
917 2842 1121 2928 interdicere,
1144 2847 1218 2909 tum
1234 2841 1385 2910 concedit

209 2948 315 3034 Plato,
346 2954 384 3016 ut
407 2950 547 3017 maritus
570 2951 684 3016 uxoris
706 2948 876 3032 legitimae
900 2949 1098 3030 adulterum,
1131 2971 1230 3036 quem
1252 2950 1288 3015 in
1310 2950 1383 3036 ipso

208 3054 372 3124 adulterio
405 3055 639 3144 deprehendat,
671 3079 689 3123 e
720 3054 828 3123 medio
852 3055 1012 3140 1011011111
1059 3055 1178 3124 01111110
1200 3058 1285 3123 haec
1307 3078 1384 3123 cum

209 3162 464 3231 Atheniensium
495 3163 625 3247 legibus
655 3165 906 3247 congruunt,¹²1)
938 3164 988 3230 ita
1018 3168 1143 3248 tamen,
1174 3167 1214 3230 ut
1241 3164 1383 3230 Athenis

212 3290 320 3356 neque
336 3272 429 3358 pueri
444 3272 635 3338 vitiatorem
650 3271 849 3357 interimere,
866 3270 926 3336 sed
940 3275 1054 3356 βιαίων
1069 3273 1182 3357 petere
1197 3270 1382 3352 licueritffl)

207 3380 246 3443 et
275 3377 327 3442 ias
357 3375 458 3443 fuerit
489 3378 598 3444 virum
628 3377 763 3464 paelicis
790 3398 873 3444 suae
905 3414 947 3426 -
979 3377 1020 3443 de
1044 3399 1111 3464 qua
1134 3375 1283 3442 infantes
1305 3398 1382 3464 pro·

300 3555 341 3624 ¹¹⁷)
360 3555 419 3611 Att.
437 3554 518 3611 Proc.
536 3555 603 3622 750;
628 3556 694 3611 Bus.
708 3555 748 3611 St.
763 3571 789 3610 u.
803 3555 836 3610 H.
850 3555 882 3610 A.
897 3554 962 3621 1963
989 3555 1080 3610 Herm.
1099 3554 1212 3610 Thums.
1234 3554 1381 3616 Staatsalt

209 3643 243 3708 Π,
254 3644 320 3711 416;
340 3645 431 3700 Herm.
452 3644 486 3699 de
503 3644 630 3714 vestigiis
648 3643 728 3700 5711.
747 3644 808 3700 288.

299 3733 340 3802 ¹¹⁸)
360 3734 501 3788 Hermann
520 3733 600 3803 (ibid.)
620 3735 751 3805 opinatur
768 3733 917 3788 Platonem
935 3734 964 3787 in
981 3732 1025 3788 his
1037 3732 1116 3804 sequi
1127 3749 1235 3787 morem
1247 3733 1381 3790 Atticum.

299 3822 341 3892 ¹¹⁰)
359 3821 535 3893 Waszynski,
555 3822 670 3877 Hermes
687 3822 724 3877 34
742 3822 829 3893 (1899)
848 3840 874 3894 p.
888 3822 955 3888 562;
974 3820 1202 3878 Α11.Ρ100,377.

299 3910 341 3980 ¹²⁰)
360 3911 395 3967 cf.
409 3911 500 3967 Herm.
521 3911 555 3966 de
573 3911 700 3980 vestigiis
716 3912 760 3968 49.

299 3999 340 4069 ¹⁹¹)
359 4002 418 4056 Att.
433 3999 593 4066 Ρ100.377;
619 4000 683 4056 Sch.
697 4001 772 4072 Lips.
787 4001 832 4056 Gr.
846 4000 902 4056 Α11,
915 4000 935 4066 Ι,
945 3999 1006 4066 511,
1026 3998 1191 4071 11,364sq.;
1215 3999 1382 4067 Thonissen,

109 4133 114 4144 .
204 4088 872 4160 (1101100001258;Ηο110.7110111.11.Α.43.-
973 4125 975 4128 -

299 4178 340 4247 ¹⁹²)
358 4178 422 4235 ibid.
435 4196 462 4234 n.
481 4179 512 4245 53
540 4174 626 4231 παῖδα
649 4178 710 4249 (874
728 4178 756 4248 (l)
782 4179 941 4248 significare
965 4194 1090 4249 puerum,
1119 4194 1177 4232 non
1200 4177 1322 4248 puellam
1347 4195 1383 4234 ex

205 4266 380 4337 ὑβρισθέντος
397 4268 489 4322 forma
507 4268 661 4324 masculina
672 4268 783 4323 videtur
801 4268 886 4333 effici¹
906 4284 987 4339 quae,
1008 4267 1032 4322 si
1049 4262 1136 4319 ποῖδο
1152 4266 1189 4321 ad
1200 4281 1290 4336 genus
1301 4265 1384 4322 lemi-

204 4355 304 4411 ninum
323 4357 479 4424 referretur,
499 4374 582 4428 aegre
601 4357 732 4428 explicari
750 4359 855 4427 posset.

1168 4444 1201 4498 5*
