3292 5017
741 405 963 469 ..54-

267 583 368 649 tertio
414 581 485 665 die,
530 582 736 665 argumentis
783 583 957 668 praeterea
1007 580 1217 668 testibusque
1271 579 1442 665 adhibitis,

269 689 468 772 suffragium
491 687 666 755 ferendum
689 709 773 754 esse.

357 795 523 876 Quoniam
546 794 689 861 Athenis
713 796 848 862 constat
877 794 1037 881 plurimas
1061 814 1182 860 causas
1214 794 1375 879 capitales
1399 792 1442 859 ad

269 901 481 987 Areopagum
493 922 568 968 esse
579 899 721 985 delatas,
738 901 826 968 rdtro
838 904 943 968 oritur
954 901 1117 988 quaestio,
1132 921 1213 966 num
1224 900 1443 987 philosophus

270 1007 415 1095 quodam
452 1008 551 1075 modo
590 1008 731 1075 actionis
769 1009 804 1075 in
842 1011 1016 1095 Areopago
1055 1008 1232 1074 institutae
1278 1008 1445 1074 rationem

270 1115 503 1202 amplectatur.
565 1114 659 1196 Quod
696 1113 844 1181 t1iduurn
882 1115 1004 1181 statuit
1043 1115 1153 1181 causis
1191 1114 1256 1179 illis
1294 1113 1443 1197 agendis

271 1243 443 1309 perperam
474 1221 553 1288 dicit
576 1220 709 1308 Lipsius
718 1224 756 1305 48)
786 1221 887 1305 vulgo
919 1244 961 1288 ex
984 1220 1127 1288 Pollucis
1150 1219 1265 1312 Onom.
1280 1220 1442 1304 VIll,117

269 1329 378 1413 colligi
408 1350 467 1415 per
496 1334 564 1395 tres
600 1326 670 1394 dies
702 1328 745 1395 ab
768 1330 979 1416 Areopagitis
1003 1350 1138 1395 causam
1169 1327 1346 1413 disceptari
1369 1348 1445 1393 esse

270 1436 453 1518 solitam.⁴⁰)
499 1435 572 1522 Ipse
603 1435 655 1501 vir
687 1434 805 1503 doctus
838 1441 953 1502 censet
975 1435 1109 1501 Platoni
1140 1434 1311 1501 obversari
1339 1459 1442 1517 προ-
1541 1453 1546 1461 ’

271 1544 481 1626 ἀικασίας,
506 1563 593 1628 quae
617 1541 760 1608 Athenis
783 1543 962 1609 institutae
993 1544 1061 1609 sint
1084 1544 1173 1624 ante,
1206 1562 1308 1628 quam
1339 1561 1446 1607 causa

225 1670 231 1692 ··
270 1670 423 1737 quaeque
439 1652 611 1735 Areopago
635 1647 844 1715 decernenda
867 1648 1063 1716 traderetur.
1106 1647 1200 1730 Quod
1224 1648 1297 1714 fieri
1320 1651 1441 1733 potest,

271 1757 426 1844 quamvis
457 1775 525 1821 non
556 1758 782 1839 πραάικασιῶν,
818 1754 877 1821 sed
907 1756 1056 1842 ipsarum
1087 1757 1187 1820 δικῶν
1209 1753 1444 1840 philosophum

271 1862 455 1928 describere
485 1863 651 1929 rationem
683 1883 725 1928 ex
755 1865 828 1928 toto
859 1862 930 1929 loco
964 1862 1136 1948 perspicue
1168 1862 1307 1928 eluceat.
1356 1860 1443 1926 Nam

270 1971 471 2053 προδικασίαι
502 1989 633 2055 quoque
667 2008 706 2016 —
740 1970 770 2034 si
800 1991 868 2035 non
898 1989 956 2057 per
985 1973 1054 2035 tres
1084 1968 1261 2035 continuos
1291 1967 1371 2050 dies,
1407 1970 1447 2032 at

272 2077 360 2142 certe
385 2114 424 2124 -
449 2095 508 2161 per
538 2079 606 2142 tres
639 2074 708 2141 dies
740 2077 935 2159 agebantur.
982 2076 1048 2142 Sed
1077 2079 1252 2163 praeterea
1282 2074 1341 2139 vix
1374 2073 1445 2138 ulla

271 2182 356 2249 ratio
380 2181 531 2249 Platonis
553 2181 601 2248 illi
623 2182 828 2249 institutioni
851 2204 926 2248 cum
949 2185 1167 2267 πραόικααίαις
1188 2180 1443 2247 Atheniensium

270 2288 457 2372 intercedit,
481 2289 547 2354 nisi
569 2290 644 2375 quis
666 2288 753 2356 sorte
776 2289 975 2376 interpellat,
999 2293 1039 2356 ut
1061 2290 1203 2356 Athenis
1225 2290 1447 2373 πραῢικααίαις

272 2395 316 2462 ab
332 2395 491 2462 archonte
508 2395 643 2461 habitis·
656 2396 782 2462 iudices
797 2397 870 2482 ipsi,
896 2398 953 2482 qui
967 2399 1086 2483 postea
1102 2396 1143 2462 de
1166 2418 1200 2461 re
1216 2396 1269 2461 ius
1286 2395 1443 2475 dicerent,

241 2511 244 2517 “
271 2502 450 2569 videantur
486 2502 695 2588 interfuisse,
733 2503 784 2570 ita
820 2502 1054 2590 philosophum
1097 2502 1261 2568 iudicibus
1298 2502 1446 2568 tribuere

273 2609 400 2696 copiam
420 2612 617 2693 ἀνακρίσεως
632 2608 843 2695 tractandae;
867 2614 903 2676 at
923 2610 978 2676 illo
994 2609 1066 2676 loco
1085 2610 1249 2676 vocabula
1264 2612 1443 2693 ἀνακρίνειν

273 2720 309 2782 et
331 2719 493 2801 ἀνάκρισιν
508 2737 576 2783 non
600 2720 751 2803 spectare
767 2717 809 2783 ad
834 2720 997 2801 ἀνάκρισιν
1013 2720 1052 2782 ut
1067 2717 1116 2783 ita
1132 2715 1239 2782 dicam
1255 2716 1447 2799 κατ’ἒξοχὴν

260 2822 371 2889 'facile
410 2822 614 2906 intellegitur
648 2822 737 2907 inde,
777 2823 866 2909 quod
904 2823 1004 2890 seen
1042 2824 1152 2890 verbis
1187 2825 1353 2908 ’ἄρχεσθαι
1390 2823 1445 2886 τὸν

181 3020 183 3024 ¹
273 2933 452 3014 γεραίτατον
487 2933 750 3015 ἀνακρίνοντα
786 2935 1013 2997 annectuntur
1045 2931 1151 2997 verba
1180 2933 1277 2995 ’ἰόντα
1312 2932 1355 3000 εἰς
1388 2929 1447 3012 τὴν

272 3044 345 3101 τῶν
379 3038 595 3121 λεχθέντων
631 3039 685 3118 (sc.
707 3037 743 3102 in
776 3036 906 3121 iudicio)
946 3041 1059 3121 σκέψιν
1097 3039 1229 3121 ἱκανήν’.
1282 3034 1445 3122 Equidem

273 3143 355 3209 mihi
388 3164 523 3230 prorsus
553 3145 704 3229 persuasi
726 3143 902 3210 Platonem
934 3148 1097 3228 ἀνάκρισιν
1127 3142 1291 3229 propriam
1321 3141 1446 3208 actioni

272 3250 320 3316 illi
342 3248 489 3316 iudiciali
512 3249 598 3316 velle
629 3250 827 3317 antecedere
859 3272 899 3317 ac
922 3251 1127 3317 sententiam
1149 3252 1314 3334 ’τεκμήριά
1336 3275 1369 3314 τε
1391 3250 1447 3314 καὶ

272 3359 438 3440 μάρτυρας
475 3360 595 3429 ἱκανῶς
632 3359 877 3442 παραλαβόντας
915 3358 1053 3439 (ebear
1092 3357 1258 3442 pertinere
1297 3355 1340 3421 ad
1376 3354 1448 3420 litis

273 3463 499 3529 instrumenta
521 3464 590 3529 iam
612 3463 648 3528 in
671 3466 833 3548 ἀνακρίσει
855 3463 1004 3530 maxima
1027 3483 1068 3528 ex
1091 3467 1187 3549 parte
1211 3462 1323 3529 allata

362 3569 431 3635 Iam
448 3592 526 3637 vero
549 3571 653 3657 primo
670 3571 810 3637 actionis
834 3570 887 3637 die
908 3569 1107 3636 adversariis
1131 3569 1279 3652 singulas
1295 3566 1446 3655 praeberi

274 3675 442 3742 orationes
465 3678 563 3743 modo
586 3675 744 3762 vidimus;
772 3678 925 3764 quaestio
949 3680 1012 3762 est,
1036 3676 1186 3743 alterane
1209 3679 1383 3762 praeterea
1406 3695 1447 3740 ao

274 3782 376 3850 tertia
399 3783 529 3849 actione
553 3783 682 3870 oopiain
697 3784 801 3851 verba
823 3782 970 3850 faciendi
993 3805 1035 3850 ex
1050 3782 1238 3871 philosophi
1259 3782 1446 3869 praeceptis

363 3978 395 4046 ⁴⁸)
416 3979 478 4034 Sob.
493 3978 567 4049 lips,
581 3979 626 4035 Gr.
639 3978 696 4034 Alt.
709 3980 729 4044 I,
740 3978 794 4034 510
810 3995 837 4034 n.
851 3979 876 4034 7.

363 4066 394 4137 ⁴⁹)
414 4068 448 4122 cf.
468 4067 560 4123 Herm.
580 4068 615 4122 de
642 4068 768 4137 vestigiis
794 4068 832 4122 48
849 4068 955 4135 n.195;
987 4069 1052 4124 Bus.
1068 4069 1108 4123 St.
1129 4085 1155 4123 u.
1168 4067 1201 4123 R.
1214 4067 1247 4123 A.
1260 4066 1314 4120 274
1326 4083 1366 4138 sq.
1404 4066 1446 4120 Ex

274 4156 322 4211 illo
341 4156 465 4211 Pollucis
491 4155 555 4210 loco
584 4156 707 4211 efficitur
735 4156 847 4228 quidem
873 4157 1052 4228 Areopagum
1083 4156 1199 4226 singulis
1228 4155 1370 4227 mensibus
1398 4171 1447 4226 per

275 4249 373 4300 ternos
391 4245 450 4300 dies
462 4246 613 4301 continuos
624 4245 769 4311 iudicasse,
789 4246 902 4300 minime
913 4263 980 4300 vero
1000 4246 1117 4300 eandem
1130 4261 1243 4299 causam
1260 4261 1310 4316 per
1327 4243 1448 4298 totidem

275 4335 334 4389 dies
352 4335 497 4399 tractasse¹
