3292 5017
689 403 911 470 „51-

208 587 310 670 cepta
338 583 440 650 liceat
472 573 703 649 testimonium
738 582 859 665 dicere,
894 581 1015 668 quihus
1046 601 1106 668 per
1138 582 1191 647 ius
1222 583 1380 649 Atticum.

210 693 259 756 Ac
281 689 423 776 primum
446 688 680 775 philosophum
704 689 826 770 (937Al
843 691 1018 756 vetantem
1040 688 1183 754 iudicem
1205 688 1240 752 in
1263 689 1379 755 eedem

211 816 315 863 causa
345 795 397 861 ius
421 794 538 877 dicere,
569 794 695 882 inqua
721 795 819 862 testis
851 795 955 878 egerit
977 797 1099 880 partes,
1124 795 1380 861 Atheniensium

209 902 333 969 imitari
371 922 469 968 usum
513 900 680 968 forensem
717 922 786 968 nen
825 902 897 967 sine
941 902 1071 967 ratione
1116 901 1378 987 suspicantur.³¹)

211 1008 305 1091 Quod
345 1012 460 1075 tamen
505 1007 716 1074 mulieribus·
741 1029 873 1095 queque
917 1006 1208 1094 quadragesimum
1257 1008 1379 1074 aetatis

211 1136 338 1182 annum
372 1115 512 1197 egressis
551 1114 681 1201 copiam
718 1114 869 1181 testandi
906 1114 1046 1201 praebet
1082 1113 1189 1196 Plato,
1229 1114 1272 1180 ab
1310 1116 1380 1180 iure

209 1221 322 1288 Attico
348 1222 481 1287 videtur
515 1217 683 1304 dig'redissu
706 1241 776 1287 non
810 1221 921 1286 minus
953 1242 1054 1307 quam
1089 1241 1139 1305 en,
1176 1220 1263 1308 qued
1293 1220 1381 1288 idem

210 1328 262 1393 ius
299 1328 335 1393 in
373 1328 483 1394 causis
523 1327 634 1393 caedis
674 1327 826 1393 concedit
863 1328 1021 1413 puerisu)
1080 1326 1202 1393 Contra
1246 1349 1380 1415 prorsus

210 1434 466 1502 Atheniensium
497 1436 634 1500 secutus
664 1433 755 1517 leges
783 1435 890 1500 servis
921 1433 1093 1520 permittit,
1128 1437 1168 1500 ut
1200 1435 1235 1500 in
1269 1434 1381 1501 caedis

210 1541 320 1608 causis
355 1540 497 1608 reddant
530 1541 779 1624 testimonia;³⁴l
816 1562 856 1607 ac
889 1537 990 1607 recte
1011 1540 1138 1606 iudicat
1169 1540 1379 1626 Rentzsch⁸⁵l

209 1648 268 1714 vix
291 1647 438 1714 dubitari
460 1668 569 1734 posse,
600 1648 693 1734 ‘quin
722 1645 804 1712 illud
835 1650 1048 1733 praeceptum
1071 1652 1125 1694 —’
1149 1649 1205 1714 ἐὰν
1228 1651 1381 1735 ἐγγυητὴν

210 1757 387 1839 ἀξιόχρεων
409 1755 429 1839 ἦ
452 1756 519 1839 μὴν
541 1762 646 1839 μενεῖν
668 1757 847 1839 καταστήσῃ
870 1757 964 1838 μέχρι
987 1756 1087 1837 δίκης,
1117 1756 1172 1820 ἐὰν
1195 1759 1380 1841 ἐπισκηφθῇ

207 1862 247 1926 τὰ
269 1864 377 1946 ψευδῆ
398 1870 598 1947 μαρτυρῆσαι
620 1860 753 1944 ’(937Β)
777 1859 941 1926 -Plato
965 1861 1078 1947 potius
1110 1882 1152 1927 ex
1174 1862 1245 1928 iure
1268 1863 1380 1931 Ataeo

172 1998 173 2001 ¹
209 1967 383 2034 retinuerit
413 1989 514 2055 quam
546 1989 606 2035 suo
638 1967 773 2034 arbitrio
803 1966 985 2033 addiderit.
1031 1967 1121 2034 ldem
1145 1970 1197 2034 vir
1220 1968 1379 2054 doemsu)

208 2074 333 2141 collata
355 2074 533 2161 Hyperidis
564 2073 639 2141 adv.
655 2073 876 2161 Philippidem
907 2073 1067 2140 erationis
1097 2076 1175 2160 §12
1200 2075 1305 2157 (Blass
1328 2076 1380 2161 llll

208 2185 324 2250 menet
353 2183 482 2269 patriae
514 2182 670 2269 amplecti
699 2182 806 2265 legem
839 2181 1073 2269 philosophum
1102 2181 1218 2265 (9370)
1253 2184 1380 2269 praeci-

208 2291 367 2374 pientem,
403 2310 445 2355 ne
480 2289 557 2373 iam,
597 2290 654 2375 qui
691 2289 756 2355 bis
790 2292 1080 2374 ψευδομαρτυρίων
1115 2290 1287 2355 convictus
1325 2290 1379 2374 sit,

210 2396 440 2462 testimonium
463 2396 570 2462 dicere
594 2399 739 2479 cogatur.
785 2395 846 2462 His
870 2395 956 2462 addo
980 2395 1156 2462 Platonem
1179 2395 1222 2461 ab
1246 2417 1295 2480 eo,
1324 2399 1382 2484 qui

207 2512 277 2568 ter
310 2502 542 2569 testimenium
575 2502 681 2569 fallax
715 2502 864 2586 ediderit,
900 2503 1029 2589 cupiam
1062 2500 1211 2568 testandi
1246 2504 1380 2570 omnino

207 2607 458 2676 abiudicantem
481 2609 705 2676 Athenienses
729 2611 823 2696 sequi
845 2610 904 2692 ita,
928 2612 968 2675 ut
988 2608 1130 2675 Athenis
1153 2608 1254 2695 plena
1276 2613 1381 2694 derpr'u

208 2717 280 2803 ipsc
319 2717 390 2782 iure
424 2715 479 2782 ille
514 2716 659 2783 affectus
698 2718 797 2800 sit;⁸⁷)
838 2717 932 2803 atqui
970 2719 1081 2800 ἄτιμον
1118 2719 1274 2792 καθάπαξ
1310 2718 1380 2783 iure

207 2823 391 2889 testimonii
414 2844 544 2909 queque
568 2822 699 2889 dicendi
722 2825 867 2890 caruisse
890 2824 1103 2910 inpromptu
1127 2827 1187 2888 est.

298 2930 369 2996 lam
393 2950 578 3012 cernamus,
610 2929 689 3016 quid
721 2928 761 2995 de
785 2930 856 2995 iure
879 2926 1019 2995 iurando
1049 2930 1084 2994 in
1107 2928 1167 2995 lite
1191 2928 1380 2997 adhibendo

208 3038 343 3102 statuat
377 3035 482 3103 Plato.
528 3037 577 3101 Ae
610 3037 753 3121 primum
787 3039 885 3102 vetat
919 3035 998 3119 (XII,
1008 3037 1073 3101 948
1083 3036 1122 3119 D)
1157 3037 1381 3103 accusationis

207 3145 270 3208 aut
293 3142 493 3211 defensionis
516 3141 664 3209 libellum
689 3143 874 3209 confirmari
896 3144 966 3209 iure
989 3143 1130 3209 iurando
1154 3141 1320 3227 adiuncto,
1337 3183 1381 3191 -

208 3248 264 3315 eui
285 3247 321 3313 in
344 3250 454 3316 causis
479 3250 591 3316 caedis
615 3253 815 3334 ὃιωμσίαν,
846 3251 882 3315 in
906 3251 1025 3316 ceteris
1049 3252 1291 3334 ἀντωμοσίαν
1313 3249 1395 3317 Ῐθτθ

209 3378 332 3423 nomen
365 3357 468 3423 tuisse
503 3360 586 3424 scite
621 3359 864 3426 demonstravit
894 3357 1085 3441 Mederle.³⁸)
1132 3356 1195 3438 Qui
1229 3357 1257 3423 si
1290 3348 1380 3425 recte

300 3535 329 3605 ³²)
349 3534 475 3600 ibid.10;
495 3535 586 3592 Herm.
606 3536 640 3590 de
659 3536 786 3605 vestigiis
803 3536 847 3593 68.
1469 3581 1472 3585 Α

298 3624 328 3694 esp
347 3624 426 3690 ibid.;
454 3624 546 3679 Herm.
559 3624 658 3681 Thalh.
672 3626 705 3680 R.
718 3625 751 3681 A.
766 3625 812 3692 10;
837 3626 897 3682 Att.
911 3625 990 3680 Pron.
1002 3625 1056 3681 876
1065 3642 1115 3697 sq„
1134 3624 1202 3691 900;
1229 3625 1382 3691 Rentzsch,

209 3712 243 3765 de
262 3708 321 3784 δίκῃ
337 3707 448 3783 ψευδομ.
463 3712 504 3769 14.

298 3801 328 3871 θ’)
348 3802 412 3857 ibid.
427 3802 468 3857 17.

298 3890 328 3960 ⁸⁴)
347 3890 408 3947 Att.
418 3890 559 3947 Proa875
571 3891 671 3958 n.306;
690 3892 783 3948 Herm.
794 3893 829 3947 de
838 3893 965 3962 vestigiis
974 3892 1022 3959 683
1034 3892 1210 3963 Waszynski‚
1220 3891 1337 3947 Hermes
1345 3892 1382 3947 34

207 3976 297 4048 (1899)
317 3996 343 4050 p.
357 3979 423 4045 582;
445 3980 515 4035 Gilb.
530 3981 676 4036 Staetsalt.
689 3981 709 4045 Ι,
722 3979 781 4036 189.
1379 3988 1381 3991 ’

298 4068 327 4138 ⁸⁶)
348 4068 382 4122 de
401 4064 460 4141 δίκῃ
476 4064 587 4140 prendre.
601 4068 642 4126 15.

291 4157 329 4226 ’11)
348 4158 414 4213 ibid.
427 4157 469 4214 ll.

298 4246 328 4314 ’9
348 4246 407 4302 Att.
420 4245 500 4303 Proc.
513 4247 575 4303 489.

298 4336 327 4404 ³⁸)
347 4335 382 4389 de
400 4335 467 4390 iuris
485 4337 593 4391 iurandi
611 4353 665 4391 usu
684 4336 718 4390 14
728 4352 768 4408 sq.
