3292 5017
661 427 884 490 ..2¹1-

274 604 445 671 Testatori
468 557 611 690 denique
634 602 726 689 prole
750 624 885 689 prorsus
910 603 1039 670 carenti
1062 603 1211 670 decimae
1227 606 1363 670 tantum

126 791 128 796 ι
182 712 290 799 partis
320 731 431 776 rerum
460 712 594 797 praeter
623 713 743 794 κλῆρον
773 711 968 797 paratarum
998 709 1101 793 legati
1127 710 1200 776 loco
1223 707 1364 777 liberam

183 817 403 905 philosophus
433 816 598 904 permittit
628 815 888 903 dispositionem,
921 837 998 883 cum
1025 820 1138 883 cetera
1161 818 1274 883 omnia
1296 816 1363 884 tilio

185 926 392 991 testamento
415 924 487 1011 ipso
511 923 671 1010 adoptato
695 920 783 989 tradi
804 923 922 990 iubeat
946 924 1022 1005 (924
1031 923 1121 1007 Alfi)
1166 923 1311 989 Athenis
1336 925 1363 990 si

188 1052 257 1097 non
277 1030 418 1114 legibus,
443 1032 480 1096 at
502 1029 743 1097 consuetudine
768 1034 857 1096 certe
882 1032 917 1096 et
938 1052 1005 1096 usu
1028 1033 1184 1096 sanctum
1205 1031 1288 1114 erat,
1313 1032 1362 1114 ut,

185 1138 245 1224 qui
266 1158 329 1204 nec
350 1136 429 1203 fihis
454 1136 535 1218 (sive
551 1144 709 1222 γεννητοῖς
734 1137 805 1202 sive
820 1141 971 1221 ποιητοῖς)
995 1157 1057 1203 nec
1079 1136 1216 1203 filiabus
1239 1136 1363 1203 relictis

135 1272 137 1276 ·
186 1246 429 1310 testamentum
459 1243 692 1325 conscriberet,
723 1244 795 1329 ipso
826 1245 1025 1310 testamenti
1051 1242 1162 1310 libello
1185 1242 1294 1309 filiurn
1317 1244 1364 1309 rei

184 1371 268 1417 suae
291 1349 466 1416 familiaris
489 1350 644 1416 heredem
669 1349 893 1437 adoptaretffl)

274 1457 345 1523 Iam
368 1478 448 1524 vero
472 1455 652 1523 hereditati
674 1459 882 1523 testamento
899 1460 1057 1543 acceptae
1074 1458 1252 1543 opponitur
1266 1455 1362 1522 here·

183 1565 284 1654 ditas,
317 1585 428 1651 quam,
463 1563 520 1650 qui
542 1565 727 1630 intestatus
751 1566 904 1630 mortuus
928 1568 990 1645 est,
1019 1563 1184 1649 relinquit.
1232 1563 1306 1645 Qua
1328 1564 1362 1628 in

182 1693 219 1737 re
244 1669 503 1757 contemplanda
523 1670 733 1738 discernatur
747 1690 884 1738 necesse
901 1673 963 1754 est,
988 1674 1102 1737 utrum
1117 1670 1212 1736 liberi
1228 1673 1363 1736 exstent

183 1798 300 1868 necne,
326 1798 365 1843 ac
389 1778 417 1843 si
439 1776 544 1861 liberi,
568 1776 673 1843 filiine
698 1778 866 1864 supersint
891 1798 936 1842 an
950 1776 1039 1844 filiae
1054 1781 1198 1843 tantum
1239 1776 1363 1857 Quam-

185 1888 238 1952 vis
269 1890 384 1952 autem
406 1883 504 1951 Plato
537 1882 659 1950 diserte
687 1883 770 1950 nihil
793 1884 926 1960 sanciat
949 1882 989 1950 de
1013 1883 1143 1950 ratione
1166 1882 1364 1949 hereditatis

184 1991 436 2071 distribuendae
463 1994 546 2075 tum,
579 1992 608 2057 si
632 1991 706 2077 quis
729 1991 915 2057 intestatus
937 1990 1027 2057 filios
1050 1990 1217 2077 relinquit,
1248 1993 1364 2056 tamen

183 2101 311 2185 optimo
341 2100 413 2164 iure
444 2099 607 2184 suspicari
633 2096 712 2163 licet
733 2099 769 2163 in
792 2118 927 2163 summa
950 2097 1069 2164 cadem
1093 2096 1263 2163 observari
1287 2118 1364 2162 eum

184 2206 272 2272 velle
295 2191 476 2293 praecepta
496 2206 631 2292 quaein
648 2203 843 2271 heredidate
860 2207 1066 2271 testamento
1083 2204 1254 2290 disposita.
1290 2204 1363 2285 Quo

183 2312 346 2398 imprimis
378 2314 518 2397 spectat,
551 2311 639 2397 quod
663 2312 721 2376 uni
744 2314 879 2378 tanturn
902 2310 972 2377 filio
996 2313 1106 2377 totum
1131 2313 1220 2376 certe
1243 2312 1364 2395 κλῆρον

183 2419 300 2485 iubere
331 2417 563 2505 philosophum
595 2417 703 2485 addici
735 2417 943 2485 confidenter
973 2416 1144 2485 affirmare
1175 2438 1362 2504 possumus.

274 2525 429 2607 Athenis,
454 2526 483 2591 si
498 2525 609 2613 plures
625 2529 822 2611 supererant
837 2524 908 2608 filii,
932 2545 986 2590 res
1003 2525 1085 2608 eius,
1104 2525 1161 2611 qui
1176 2525 1362 2590 intestatus

187 2633 301 2699 evita
325 2638 483 2718 cesserat,
515 2634 632 2719 aequis
662 2632 815 2718 partibus
837 2633 927 2698 inter
949 2653 1007 2698 ecs
1031 2630 1280 2715 dividcbantur3
1311 2632 1364 2696 sin
1439 2636 1442 2643 '

186 2742 318 2826 praeter
340 2739 430 2805 filios
453 2738 727 2825 relinquebantur
749 2739 850 2822 filiae,
883 2739 997 2805 dotem
1019 2737 1095 2804 illae
1119 2742 1276 2825 poterant
1300 2737 1364 2803 sibi

182 2846 403 2929 vindicarem)

274 2952 474 3018 Accuratius
497 2951 622 3038 profert
643 2951 751 3033 Plato,
776 2951 856 3038 quid
879 2951 953 3017 fieri
976 2951 1090 3038 cupiat
1113 2955 1195 3035 tum,
1221 2951 1249 3017 si
1271 2949 1364 3016 filiae

183 3061 320 3124 tantum
344 3060 413 3125 sint
436 3059 476 3138 ei,
514 3058 571 3144 qui
600 3060 806 3124 testamento
840 3079 911 3124 non
941 3057 1032 3124 facto
1064 3063 1204 3124 mortem
1236 3057 1362 3124 obierit.

186 3162 357 3232 Eiusmodi
386 3165 476 3232 filias
508 3168 698 3251 ἐπικλήρους
729 3166 921 3231 nominatas
953 3186 1027 3231 cssc
1058 3165 1143 3231 satis
1178 3166 1362 3248 constat¹⁴l

186 3271 285 3337 Iubet
301 3275 414 3339 autem
425 3272 643 3359 philosophus
657 3272 777 3355 (92413)
795 3272 835 3354 ei,
861 3272 918 3358 qui
932 3271 1040 3338 filiam
1055 3271 1212 3338 heredem
1223 3291 1364 3337 uxorem

187 3378 298 3462 ducat,
334 3398 404 3443 rem
433 3378 631 3445 familiarem
663 3379 858 3461 aconiugis
889 3383 984 3465 patre
1016 3378 1167 3445 relictam
1198 3376 1293 3461 tradi,
1328 3378 1363 3444 id

183 3485 274 3573 quod
310 3505 385 3551 cum
419 3486 489 3552 iure
524 3487 636 3552 Attico
673 3486 826 3569 congruit
858 3486 917 3570 ita,
953 3490 993 3552 ut
1027 3484 1170 3551 Athenis
1204 3485 1364 3552 maritum

183 3595 359 3677 ἐπικλήρου
383 3613 450 3658 non
482 3594 594 3679 ipsum
615 3591 691 3659 illas
706 3614 794 3679 ‘opes
817 3591 1017 3679 possedisse,
1042 3589 1110 3672 sed,
1142 3591 1248 3659 donec
1270 3592 1363 3659 filius

277 3822 307 3891 ¹¹)
327 3823 363 3878 cs.
383 3823 475 3881 Herm.
493 3824 512 3878 l.
531 3840 555 3879 c.

276 3913 307 3981 ¹⁹)
327 3914 387 3967 Att.
404 3912 486 3968 Proc.
505 3911 566 3969 590.

276 4003 307 4070 13)
326 4000 392 4056 ibid.
405 4000 523 4073 574sq.;
553 4001 712 4067 Grasshefi‚
734 4002 768 4056 de
787 4000 966 4056 successione
983 4000 1017 4054 21
1029 4016 1083 4072 sq.;
1112 4000 1267 4062 Beauchet‚
1288 3999 1362 4055 droit

184 4088 265 4161 prive
282 4089 328 4156 III,
338 4089 391 4144 447
399 4107 405 4157 ;
424 4089 478 4145 457
487 4106 541 4156 ss.;
561 4089 715 4155 Oaillemer,
729 4088 803 4145 droit
816 4089 851 4144 de
861 4090 1023 4145 succession
1038 4088 1072 4143 18
1081 4105 1137 4161 sq.;
1157 4087 1249 4145 Herm.
1260 4086 1363 4145 Thalh.

185 4178 432 4336 Rsdfiffilpster’
461 4267 632 4324 Erbtochter
661 4267 710 4333 243
749 4266 911 4333 Grasshoii,
942 4267 978 4323 de
1008 4265 1186 4322 successione
1218 4266 1268 4332 233
1301 4269 1360 4323 Att.

183 4356 265 4414 Proc.
279 4356 340 4414 614.
