3292 5017
750 389 998 464 —48-¹

272 564 369 631 illata
395 565 514 631 civitas
544 565 619 652 ipsa
641 563 823 632 offenditur
845 565 900 631 vel
923 565 1016 631 salus
1038 562 1172 651 publica
1193 563 1448 650 periclitaturffi)

273 670 366 738 Licet
395 693 528 738 monere
561 670 601 738 de
633 675 773 738 κακώσει
796 675 918 755 γονέων
950 670 1014 754 (XI,
1028 671 1093 737 932
1117 670 1237 754 OD).¹³)
1291 669 1447 739 Privatae

274 798 394 845 causas
421 777 619 866 vplerumque
651 782 786 862 δίκας,
817 778 968 865 publicas
1000 778 1165 845 nominari
1188 780 1353 863 γραφὰς
1378 801 1447 846 non

273 906 357 972 opus
380 890 433 952 est
456 885 634 977 observari.

361 992 540 1058 Praeterea
562 1012 678 1059 omnes
701 994 824 1076 ἀγῶνες
839 997 902 1059 aut
920 994 1095 1077 ἀτίμητον
1110 995 1192 1058 sunt
1206 996 1268 1059 aut
1281 995 1444 1077 τιμητοί,

272 1101 371 1185 prout
393 1098 467 1181 lege
489 1098 544 1164 vel
565 1102 746 1183 ψηφίσματι
768 1099 822 1166 vel
845 1101 944 1185 paeto
975 1102 1093 1165 mutuo
1117 1098 1382 1166 adversariorum
1405 1099 1447 1167 de

272 1225 381 1291 poena
412 1203 523 1271 delicti
546 1208 683 1271 cautum
706 1208 760 1272 est
782 1207 844 1271 eut
866 1207 983 1289 nonu)
1028 1204 1205 1272 Platonem
1228 1227 1359 1292 quoque
1382 1206 1448 1274 hoc

148 1325 153 1337 ·
273 1332 406 1378 servare
431 1310 606 1377 discrimen
628 1315 744 1399 postea
767 1311 919 1379 elucebit
958 1311 994 1378 Si
1017 1312 1092 1398 quis
1114 1314 1204 1397 ἀγὼν
1220 1315 1293 1380 erat
1307 1315 1443 1398 τιμγτδς,

273 1422 366 1485 actor
387 1418 423 1484 in
446 1418 518 1504 ipso
542 1419 765 1485 accusationis
788 1417 900 1485 libello
923 1439 980 1485 reo
996 1418 1091 1486 litem
1106 1418 1238 1486 solebat
1253 1420 1443 1504 aestimare,

272 1563 317 1573 —
339 1527 378 1591 ut
401 1523 537 1592 Graecis
560 1528 638 1592 utar
659 1524 770 1592 verbis
801 1563 846 1573 —
872 1528 1019 1610 τιμᾶσδαι
1040 1525 1096 1592 vel
1119 1528 1302 1610 ἐπιγράφειν
1323 1529 1443 1610 τίμημα

271 1639 318 1698 τῶ
341 1634 488 1717 φεύγοντι
498 1634 549 1715 ¹⁶)·
580 1631 643 1698 hoe
673 1631 811 1715 attingit
840 1632 1059 1719 philosophus
1083 1632 1147 1719 (XI,
1159 1634 1224 1700 915
1247 1634 1287 1716 Al
1317 1633 1445 1699 vorbis:

272 1740 339 1823 ’τὴν
363 1741 526 1804 διπλασίαν
552 1748 608 1805 τοῦ
631 1742 940 1824 ἐπιγραφέντος
962 1742 1103 1824 βλάβους
1126 1794 1134 1808 .
1157 1794 1164 1807 .
1188 1793 1195 1807 .
1219 1790 1227 1807 .
1249 1743 1376 1806 τινέταί.
1406 1740 1445 1806 ln

272 1846 473 1932 quibusdam
503 1849 604 1929 ἀγῶσι
630 1854 768 1931 τιμηταῖς
797 1845 924 1912 iudices
954 1845 1129 1913 habebant
1159 1848 1287 1934 copiam
1317 1872 1446 1931 προοτι-
1545 1835 1548 1839 ’

271 1955 419 2038 μίγματος
441 1973 496 2019 reo
520 1951 761 2038 imponendi‚¹⁶)
786 1954 880 2019 cuius
901 1954 949 2019 rei
963 1955 1089 2020 mentio
1104 1953 1245 2020 infertur
1260 1953 1315 2036 VI,
1324 1953 1390 2020 767
1406 1953 1443 2038 ll,

271 2057 339 2142 XII,
352 2059 417 2125 943
440 2059 476 2125 Β.

361 2168 410 2232 Ao
432 2187 475 2233 ne
498 2165 709 2233 differentiae
733 2166 876 2253 quidem,
901 2188 988 2254 quae
1012 2171 1066 2234 est
1087 2168 1175 2234 inter
1198 2153 1319 2240 δίκας
1340 2170 1445 2232 κατά

271 2299 384 2346 τινος
414 2275 455 2340 δί’
479 2275 599 2346 δίκας
628 2277 735 2359 πρός
765 2277 912 2361 τινα,Ῑῆ
943 2276 1086 2358 vestigia
1115 2276 1150 2341 in
1173 2274 1317 2359 Legibus
1344 2274 1444 2360 plane

272 2377 508 2465 desideramus,
533 2380 621 2474 quod
643 2382 726 2447 item
749 2381 820 2447 loco
844 2381 1022 2467 patebit¹⁸l

362 2486 397 2552 Si
426 2488 579 2573 quaestio
609 2489 816 2574 proponitur,
857 2488 1058 2575 quibusnam
1092 2487 1189 2553 Plato
1222 2488 1276 2553 ius
1309 2487 1445 2574 petendi

235 2612 239 2623 ·
273 2591 442 2678 concedat,
479 2592 660 2677 digreditur
694 2594 738 2660 ab
772 2595 843 2661 iure
877 2594 991 2662 Attico
1027 2614 1077 2681 ec,
1112 2593 1200 2681 quod
1235 2593 1299 2679 (XI,
1313 2594 1378 2661 937
1402 2596 1443 2676 Al

272 2699 466 2767 mulieribus
477 2700 598 2783 liberis,
612 2722 698 2788 quae
710 2701 1002 2785 quadragesimum
1014 2702 1278 2768 aetatis-annum
1290 2721 1445 2784 egressae

271 2809 423 2892 ἄνανδροι
445 2808 523 2890 sint,
547 2808 718 2895 permittit,
742 2810 782 2874 ut
805 2829 927 2874 causas
941 2808 1134 2893 intendant3
1158 2808 1283 2875 etenim
1298 2806 1443 2873 Athenis

271 2935 329 3000 pro
359 2913 502 2998 feminis,
535 2916 693 3001 qnoniam
723 2916 816 3001 ipsae
840 2915 977 3002 petendi
1000 2916 1096 3002 copia
1119 2916 1251 2981 omnino
1275 2912 1444 2997 carebant,

271 3022 376 3105 κύριοι
406 3042 528 3087 causas
559 3020 729 3088 debebant
758 3023 982 3105 instituere¹⁹l
1036 3022 1173 3088 Retinet
1195 3024 1310 3086 tamen
1333 3020 1443 3106 pbilo-

273 3128 398 3214 sophus
419 3148 494 3194 eum
518 3147 727 3194 communem
750 3126 952 3195 Graecorum
976 3132 1048 3194 tum
1064 3127 1321 3193 Atheniensium
1343 3147 1443 3193 usum

270 3236 329 3318 ita,
353 3240 394 3302 ut
415 3235 521 3301 servis
545 3237 605 3301 aut
627 3236 740 3322 pueris
762 3236 816 3302 ius
838 3234 921 3301 illud
936 3233 1187 3320 nonpraebeat
1222 3232 1310 3298 Nam
1325 3231 1442 3299 eodem

271 3340 353 3425 loeo,
371 3363 436 3428 quo
452 3341 645 3408 mulieribus
657 3340 721 3407 illis
733 3341 831 3408 licere
842 3341 937 3407 iubet
949 3344 1130 3426 ’μαρτυρεῖν
1141 3341 1196 3405 καὶ
1206 3347 1392 3425 συνηγορεῖν
1400 3388 1408 3404 .
1417 3387 1442 3404 ..

361 3606 391 3676 ¹²)
411 3607 475 3662 Son.
493 3608 569 3679 Lips.
589 3608 635 3665 Gr.
653 3608 710 3662 Alt.
729 3608 749 3673 1,
760 3606 820 3663 522.
878 3623 881 3628 ·

361 3695 393 3765 18)
412 3696 523 3751 Wilam.
541 3697 588 3753 Ar.
608 3714 635 3751 u.
652 3697 719 3753 Ath.
739 3697 758 3763 l,
768 3695 812 3753 60.

361 3785 392 3854 ¹⁴)
411 3784 488 3841 Paul.
507 3785 591 3841 Wiss.
609 3786 661 3851 11²,
671 3785 743 3840 2100
761 3802 816 3857 sq.;
837 3785 908 3840 Gilb.
928 3785 1073 3842 Staatsalt.
1091 3784 1189 3852 1‚455;
1215 3784 1279 3840 Sch.
1298 3784 1372 3855 Lips.
1392 3783 1439 3839 Gr.

271 3874 328 3929 Alt.
341 3873 360 3938 1,
372 3872 438 3940 5273
456 3873 516 3928 Att.
529 3873 609 3930 Proc.
622 3874 673 3928 211
694 3891 731 3931 se.

362 3962 391 4032 ¹⁶)
410 3962 474 4017 ibid.
493 3962 560 4029 213;
579 3963 645 4017 Bus.
660 3965 700 4019 St.
714 3981 740 4019 u.
754 3964 787 4018 R.
801 3965 835 4019 Α.
846 3962 909 4017 286.

361 4052 392 4119 ¹⁶)
410 4051 470 4107 Att.
483 4051 563 4107 Proc.
576 4051 630 4107 219
647 4069 688 4124 sq.

361 4142 391 4210 ¹⁷)
410 4139 475 4194 ibid.
488 4140 541 4195 203
558 4157 585 4197 n.
601 4141 648 4207 17;
668 4141 731 4197 Sch.
746 4142 821 4212 Lips.
836 4141 881 4197 Gr.
894 4141 951 4197 Alt.
963 4140 984 4207 1,
993 4140 1056 4197 527.

361 4229 391 4300 ¹⁸)
411 4229 447 4284 of.
459 4229 531 4284 inira
549 4246 574 4301 p.
587 4230 631 4285 71.

361 4320 392 4390 ¹⁹)
410 4319 503 4373 Herm.
516 4318 631 4374 Thums.
645 4319 791 4376 Staatsalt.
803 4318 902 4386 11,548
915 4336 971 4390 sq.;
990 4319 1050 4375 Att.
1063 4318 1142 4375 Proc.
1156 4318 1208 4374 747
1221 4335 1262 4390 sq.
