3292 5017
739 403 949 468 ..52-

254 578 413 663 censete)
452 579 675 646 ‘antomosian
714 582 884 646 oratorum
922 581 1036 645 aetate
1075 580 1209 646 omnino
1253 600 1321 645 non
1358 580 1429 644 iam

256 684 398 751 multum
413 685 574 769 valuisse,
596 686 698 752 immo
715 683 821 752 solum
840 686 1020 752 accusandi
1036 688 1071 753 et
1087 684 1285 753 defendendi
1300 685 1428 751 formu·

254 790 322 857 lam
344 790 450 859 videri
471 794 585 876 fuisse,
617 813 685 878 qua
715 794 813 879 quasi
844 792 914 858 suis
948 791 1075 858 finibus
1107 792 1434 859 circumscriberetur

256 902 378 981 causa',
401 897 500 965 facile
522 900 728 985 perspicitur,
761 920 819 965 cur
841 899 1060 985 philosophus
1083 898 1165 965 illud
1188 902 1225 965 et
1247 900 1369 965 actoris
1393 901 1431 965 et

254 1005 301 1070 rei
322 1005 376 1070 ius
399 1004 577 1072 iurandum
600 1005 683 1071 velit
705 1005 827 1093 repelli.
865 1003 956 1071 Idem
973 1007 1139 1089 attingere
1155 1006 1289 1072 videtur
1311 1007 1376 1071 949
1386 1007 1431 1092 A‚.

254 1111 314 1176 ubi
330 1112 448 1195 sancit,
471 1115 511 1178 ut
526 1114 704 1180 arceantur
717 1113 792 1178 iura
805 1112 949 1179 iuranda
961 1113 1004 1180 ab
1019 1113 1070 1195 iis,
1094 1115 1210 1178 ‘sindon
1222 1115 1430 1198 ἐξαρνηθέντι,

255 1220 309 1285 καὶ
347 1221 576 1303 ἐξομοσαμένῳ
611 1221 727 1303 κέρδος
758 1222 841 1304 μέγα
867 1221 1009 1304 φανερὸν
1041 1220 1117 1286 εἶναι
1141 1222 1252 1285 δοκεῖ’.
1302 1220 1340 1285 In
1374 1220 1428 1285 his

168 1389 170 1392 .
255 1328 485 1410 ἐξομοσαμένῳ
519 1324 626 1413 liquet
656 1325 769 1392 referri
802 1348 870 1393 non
904 1348 1002 1413 posse
1038 1325 1081 1393 ad
1112 1329 1290 1412 ἐξωμοσίαν
1323 1326 1426 1411 illam,

255 1453 322 1519 qua
353 1432 517 1518 praestita
551 1453 654 1498 causa
688 1454 724 1499 se
756 1432 971 1517 exsolvatis,
1006 1434 1063 1519 qui
1096 1434 1194 1500 testis
1225 1438 1427 1520 provocatus

254 1542 357 1622 neget
395 1537 578 1625 quidquam
614 1560 649 1604 se
685 1539 726 1605 de
764 1561 799 1605 re
835 1540 931 1623 scire;
966 1540 1090 1606 etenim
1126 1540 1214 1606 hanc
1248 1543 1428 1623 ἕξωμοσίαν

254 1645 489 1733 philosophum
513 1643 688 1712 admittere
705 1645 826 1730 (936Ε)
851 1649 996 1734 supra⁴⁰l
1018 1645 1170 1713 vidimus
1216 1646 1306 1712 Nihil
1327 1647 1433 1731 igitur·

254 1751 451 1839 relinquitur
466 1753 531 1818 nisi
546 1755 586 1818 ut
608 1756 839 1839 ἐξομοσαμένῳ
854 1752 952 1819 aliter
965 1754 1228 1839 interpretemur.
1262 1755 1333 1819 Iam
1348 1775 1432 1820 vero

255 1862 434 1943 ἑξαμοσίαν
449 1864 624 1945 praeterea
647 1859 853 1947 appellatum
873 1881 954 1927 esse.
971 1858 1052 1926 illud
1074 1860 1128 1926 ius
1151 1859 1337 1943 iurandum,
1361 1882 1432 1947 quo·

254 1986 500 2052 nonnunquam
519 1987 595 2033 reus
616 1970 754 2049 negaret
776 1965 871 2033 litem
890 1966 953 2033 sibi
975 1968 1143 2034 intentam
1169 1971 1426 2051 εἰσαγώγιμον

256 2093 339 2155 esse,
365 2071 444 2139 dicit
467 2072 635 2157 sudasse
681 2073 766 2140 Fieri
788 2076 911 2160 potest,
940 2076 979 2140 ut
1003 2077 1183 2158 ἐξωμοσίαν
1205 2074 1255 2139 ita
1277 2073 1426 2139 intellec-

255 2182 326 2246 tam
348 2217 393 2228 -
416 2200 502 2266 quae
526 2180 673 2266 proxime
697 2181 826 2247 accedit
849 2180 893 2246 ad
915 2182 1156 2267 ‘exceptionem
1179 2180 1253 2247 tori'
1270 2219 1313 2228 -
1328 2179 1431 2245 Plato

255 2289 335 2352 ante
374 2285 487 2352 oculos
525 2285 660 2352 habeat.
720 2289 882 2353 Attamen
920 2287 1012 2354 haud
1050 2288 1117 2354 scio
1164 2308 1208 2354 an
1246 2286 1431 2373 simplicius

255 2396 487 2477 ἐξομοσαμένῳ
517 2392 573 2460 illo
604 2393 675 2459 loco
701 2392 857 2480 explicari
887 2396 1006 2479 possit3
1041 2414 1149 2479 neque
1184 2396 1272 2460 enim
1302 2392 1432 2459 nullius

255 2499 416 2566 momenti
453 2499 587 2566 videtur
625 2521 709 2582 esse,
748 2500 838 2586 quod
876 2504 1129 2585 ἐξομοσαμένῳ
1167 2500 1317 2586 iungitur
1351 2521 1429 2567 cum

255 2609 483 2690 ἐξαρνηθέντι.
530 2606 610 2688 Quis
633 2605 772 2672 tandem
803 2610 864 2689 est,
901 2607 981 2694 quin
1014 2608 1142 2674 ineidat
1172 2608 1207 2672 in
1239 2608 1429 2694 opinionem

254 2713 486 2800 philosophum
502 2713 737 2780 concinnitatis
761 2713 935 2781 cuiusdam
950 2735 1054 2780 eausa
1069 2715 1226 2800 amplecti
1248 2718 1316 2790 ἐξο
1324 2739 1431 2798 pocc-

253 2824 343 2904 μένῳ
368 2819 507 2885 formam
532 2840 607 2892 cum
637 2824 856 2906 ἐξαρνηθέντι
878 2821 914 2887 in
945 2843 1051 2887 unum
1074 2823 1171 2908 quasi
1193 2822 1343 2888 iunctam
1365 2820 1429 2906 ita,

235 2930 294 2993 'ut
316 2926 482 3013 pertineat
506 2926 547 2992 ad
572 2947 658 3012 eum,
683 2927 740 3014 qui
763 2930 960 3013 ἀντιγραφὴν
975 2929 1045 2995 iure
1068 2929 1208 2996 iurando
1225 2927 1428 2995 confirmet?

254 3034 303 3099 Ac
338 3053 380 3099 ne
414 3053 473 3119 per
507 3055 543 3100 se
581 3034 715 3120 quidem
754 3038 908 3121 spectata
945 3038 1140 3120 ἐξόμνυσθαι
1173 3034 1266 3101 verbi
1304 3036 1431 3100 natura

255 3139 417 3206 eiusmodi
441 3144 501 3225 est,
528 3139 632 3207 utad
655 3141 908 3207 iusiurandum
932 3145 1133 3226 ἀντωμοσίαν
1155 3141 1267 3207 vocari
1291 3139 1430 3207 solitum

255 3248 391 3313 omnino
415 3250 563 3333 nequeat
585 3248 711 3333 referri3
742 3249 867 3314 etenim
890 3248 1037 3315 eiurat
1060 3247 1206 3333 quodam
1227 3246 1326 3314 modo
1349 3268 1428 3314 reus

254 3374 334 3419 vera
365 3375 449 3438 esse,
485 3375 572 3441 quae
605 3358 697 3421 actor
730 3355 795 3421 sibi
826 3355 952 3421 crimini
982 3354 1142 3420 tribuerit
1190 3354 1315 3436 Quodsi
1337 3358 1426 3421 recte

255 3460 302 3524 sic
340 3462 571 3545 ἐξομοσαμένῳ
608 3461 879 3547 interpretamur,
919 3462 1023 3526 949Α
1054 3460 1140 3527 idem
1177 3462 1286 3529 vetari
1324 3466 1430 3547 atque

255 3566 359 3631 9481)
382 3566 417 3632 in
440 3569 595 3653 promptu
619 3570 679 3633 est.

344 3671 471 3738 Deinde
502 3673 596 3739 iubet
626 3673 722 3740 Plato
747 3674 902 3759 (949AB)
934 3676 980 3740 ‘rd
1010 3678 1162 3758 παράπαν
1189 3678 1223 3741 ἐν
1251 3678 1322 3759 δίκῃ
1352 3674 1432 3747 τοὺς·

253 3781 435 3863 προέδρους
457 3781 503 3863 μὴ
528 3782 699 3864 ἐπιτρέπειν
722 3784 802 3866 μήτε
826 3783 955 3865 ὀμνύντι
978 3784 1076 3865 λέγειν
1098 3784 1311 3866 πιθανότητος
1333 3783 1432 3866 χάριν·

253 3887 333 3970 μήτε
351 3887 564 3970 ἐπαρώμενον
587 3891 691 3972 ἑαυτῷ
721 3890 775 3954 καὶ
805 3891 904 3971 γένει’.
951 3889 1044 3969 Quae
1067 3888 1171 3956 verba
1202 3891 1351 3975 spectare
1383 3887 1430 3955 ad

344 4152 513 4223 Qffimffi

342 4241 530 4314 dupm

343 4331 839 4404 UmmRmffimnffl.
