3292 5017
737 406 960 473 „53-

262 588 391 672 partem
414 588 598 671 τιμήματος,
630 585 759 653 solvere
783 585 977 668 debebat⁶⁶t
1023 585 1109 651 Fieri
1134 587 1258 672 potest,
1291 587 1330 651 ut
1351 584 1439 652 haec

262 694 419 777 ἕπωβελία
453 693 587 759 Platoni
620 692 675 776 XI,
685 692 787 758 9211]
828 693 1038 774 obversetur,
1077 693 1232 778 quamvis
1269 691 1437 759 vocabule

261 800 334 885 ipso
358 802 475 867 utatur
498 798 538 867 de
561 821 666 865 usura
687 798 891 886 imponenda
914 799 954 884 ei,
987 800 1044 885 qui
1066 800 1156 865 iutra
1177 802 1311 885 tempus
1334 802 1440 885 pacto

262 906 482 973 constitutum
504 905 600 977 fabro
625 905 809 972 mercedem
832 927 902 972 non
918 905 1054 973 dederit.
1076 944 1121 954 -
1143 906 1196 971 Ab
1220 909 1332 972 actore
1354 927 1439 972 vero

261 1012 429 1097 publicam
453 1033 590 1079 causam
620 1012 676 1079 illo
708 1012 805 1079 modo
837 1012 1008 1080 amittenti
1039 1012 1440 1099 expetebantur‘poenae

262 1117 400 1185 eaedem
423 1122 526 1205 atque
542 1118 585 1185 ab
610 1139 658 1201 eo,
683 1120 739 1205 qui
762 1140 900 1186 causam
922 1118 1090 1206 publicam
1106 1119 1273 1185 intentam
1296 1117 1434 1185 deseru-

263 1228 349 1310 erat3
372 1228 511 1311 uterque
527 1227 614 1292 euim
636 1225 743 1291 multa
765 1226 884 1292 mille
908 1226 1210 1293 drachmarum
1234 1228 1269 1291 et
1291 1228 1435 1311 ἀτιμίᾳ

260 1333 363 1398 κατὰ
386 1333 630 1416 πρόσταξιν,
654 1354 722 1420 qua
736 1333 807 1398 iure
822 1333 1020 1418 privabatur
1042 1332 1192 1399 eiusdem
1208 1330 1297 1399 modi
1313 1353 1437 1399 causas

260 1437 470 1521 instituendi,
494 1438 587 1504 effici
610 1438 790 1522 solebat.⁶⁶)
838 1440 873 1505 Si
896 1460 964 1505 non
987 1440 1086 1521 idem,
1119 1442 1156 1505 at
1179 1437 1284 1504 simile
1309 1437 1435 1525 aliquid

262 1547 371 1612 sancit
385 1545 482 1612 Plato
498 1544 568 1628 XII,
578 1547 643 1611 948
654 1548 732 1630 A,⁶⁷)
756 1547 815 1612 ubi
838 1547 876 1631 is,
902 1548 958 1633 qui
981 1549 1121 1613 sidereo
1137 1546 1284 1613 muueris
1299 1545 1440 1629 indigne-

262 1651 487 1719 administrati
502 1654 711 1719 accusaverit
723 1673 832 1739 neque
844 1654 996 1739 quintam
1009 1652 1187 1719 abstulerit
1199 1652 1434 1737 suffragiorum

261 1762 400 1845 partem,
436 1759 576 1825 multam
610 1780 731 1825 census
763 1759 985 1843 magnitudini
1014 1759 1268 1827 convenientem
1291 1759 1441 1846 pendere

261 1865 403 1934 iubetur.

352 1988 387 2054 Si
410 1990 550 2076 quaeris,
576 2011 722 2076 quonam
745 1994 844 2077 pacto
867 1990 964 2057 Plato
988 1992 1113 2057 multas
1136 1990 1219 2057 velit
1241 1990 1337 2074 exigi,
1366 2011 1442 2058 non.

263 2097 346 2162 nihil
369 2097 412 2163 ab
435 2096 694 2166 Atheniensium
717 2119 781 2164 usu
805 2097 938 2165 recedit.

350 2220 515 2308 Praecipit
538 2222 626 2287 enim
651 2225 737 2307 (XII,
751 2223 816 2288 958
825 2223 872 2306 Β),
897 2227 936 2290 ut
959 2224 1072 2304 actori,
1097 2223 1154 2309 qui
1170 2243 1306 2289 causam
1322 2222 1441 2308 priva--

262 2330 334 2393 tam
358 2328 549 2411 obtinuerit,
578 2329 642 2395 nisi
673 2350 788 2395 mense
811 2333 890 2417 post
913 2332 1133 2423 διαψηφίσεσι
1156 2349 1306 2395 mensem
1328 2328 1434 2394 inter-

261 2434 371 2520 posito
391 2455 468 2501 reus
484 2436 515 2501 ei
529 2438 705 2523 pecuniam
722 2437 843 2518 solvat,
868 2440 898 2520 ’ἡ
916 2439 1071 2503 δικάσασα
1087 2438 1181 2521 ἀρχῆ
1198 2457 1266 2502 rem
1283 2435 1435 2503 damuati

261 2540 459 2607 familiarem
489 2542 611 2610 tradat.
658 2543 717 2609 Sin
747 2543 919 2608 tantulum
949 2542 1119 2630 possideat
1150 2564 1237 2624 reus,
1270 2546 1308 2608 ut
1331 2542 1435 2609 actori

261 2650 411 2734 nequeat
433 2649 600 2734 satisfieri,
626 2651 720 2736 copia
739 2649 876 2736 petendi
900 2671 977 2716 eum
992 2649 1192 2736 privandum
1214 2670 1298 2734 esse,
1323 2649 1440 2736 quoad.

261 2757 373 2820 totum
404 2755 531 2841 pendat
562 2778 620 2823 aes
653 2756 809 2822 alienum.
862 2756 1005 2824 Athenis
1036 2757 1108 2823 eius
1131 2756 1236 2843 ipsius
1260 2758 1342 2840 erat,
1377 2777 1435 2841 qur

262 2882 399 2927 causam
435 2862 569 2947 vicerat,
605 2864 748 2929 multam
780 2863 920 2947 exigere,
955 2884 1057 2950 quam
1082 2885 1159 2930 reus
1184 2864 1215 2929 ei
1237 2863 1366 2929 solvere
1390 2862 1442 2928 ab·

262 2967 430 3034 iudicibus
454 2973 527 3036 erat
548 2969 661 3036 iussus
670 2972 716 3054 3⁶⁸)
741 2991 781 3035 ac
797 2979 867 3035 tum
886 2968 1028 3054 demum,
1052 2971 1080 3037 si
1095 2969 1225 3037 debitor
1243 2968 1297 3034 ille
1320 2972 1433 3052 ὑπερ·

261 3077 402 3159 ήμερσς
425 3079 506 3159 erat,
538 3076 660 3143 licebat
692 3076 845 3143 creditori
868 3079 1023 3162 ἐξούλης
1051 3097 1127 3142 oum
1158 3097 1196 3142 eo
1219 3077 1366 3160 agere.⁰⁹)
1389 3113 1442 3126 -.

149 3228 151 3232 .
261 3179 444 3248 Vetantem
467 3187 583 3249 autem
605 3183 838 3271 philosophum
862 3205 1000 3249 causam
1024 3182 1126 3248 ullam
1149 3182 1324 3248 instituere
1339 3203 1432 3248 reum

260 3289 346 3371 ‘nolo
369 3292 409 3353 ἂν
432 3291 622 3375 ἐκπληρώσῃ
645 3291 681 3355 τὸ
704 3294 799 3374 χρέος
822 3294 909 3355 ἅπαν
932 3298 978 3374 τῷ
1001 3293 1179 3373 νικήσαντι’,
1210 3291 1241 3354 ei
1263 3289 1432 3375 imponere

261 3396 384 3478 ἀτιμίαν
421 3397 501 3460 κατὰ
538 3398 709 3480 πρόσταξιν
746 3418 845 3462 nemo
880 3417 948 3463 non
983 3395 1092 3480 videt;
1126 3416 1299 3462 monemur
1332 3396 1443 3478 igitur*

350 3679 381 3748 ⁶⁶)
400 3679 493 3735 Herm.
512 3680 627 3736 Thums.
647 3680 791 3736 Staatsalt.
811 3680 922 3745 11‚585;
951 3680 1009 3736 Att.
1023 3680 1103 3736 Proc.
1122 3679 1235 3744 947ss.;
1267 3678 1432 3743 Thonissen,

262 3767 336 3820 droit
354 3767 437 3838 penal
455 3769 508 3824 317
517 3784 558 3839 sq.
1396 3761 1399 3768 ’

350 3855 381 3926 ⁶⁶)
400 3856 463 3913 ibid.
479 3856 544 3923 111;
563 3857 641 3912 Paul.
654 3859 738 3913 Wiss.
751 3858 783 3925 1²,
794 3857 929 3925 2050,11¹,
942 3858 1074 3925 2102ss.;
1093 3859 1184 3913 Herm.
1198 3857 1311 3912 Thums
1325 3857 1433 3911 Staats·

260 3944 309 4000 alt.
322 3944 354 4010 H,
365 3945 432 4012 586;
450 3946 509 4001 Att.
522 3947 602 4002 Proc.
615 3946 668 4001 951
679 3963 719 4018 sq.
993 4009 994 4014 ἵ

350 4033 381 4105 ⁰⁷)
400 4035 435 4089 cf.
455 4035 547 4090 Herm.
566 4036 601 4089 de
618 4036 744 4105 vestigiis
761 4036 795 4090 61
815 4035 916 4092 11257.

350 4122 381 4191 18)
399 4123 459 4180 Att.
478 4124 558 4179 Proc.
577 4124 638 4180 962.

257 4242 269 4274 9
350 4212 381 4282 ⁰⁰)
400 4213 465 4269 ibid.
489 4213 557 4280 9653
589 4213 660 4269 Gilb.
685 4214 832 4271 Staatsalt.
851 4215 949 4281 1‚4oe;
981 4216 1073 4270 Herm.
1093 4213 1192 4270 Thalh.
1212 4214 1244 4270 H.
1264 4214 1296 4269 A.
1318 4213 1441 4278 131ss.;.

261 4299 354 4357 Herm.
372 4301 486 4359 Thums
507 4302 651 4357 Staatsalt.
670 4302 703 4368 11,
714 4302 774 4358 587.
