3292 5017
700 411 923 477 ..29-

224 586 375 653 Platonis
390 591 571 674 praecepta
584 587 663 654 licet
678 589 842 675 exsequia
856 589 1021 676 prosequi,
1044 610 1130 676 quae
1145 592 1404 676 παιδοποιήσεως

224 714 333 759 annos
368 695 437 760 sint
471 714 642 779 egressam
677 695 776 761 simili
812 694 944 762 Solonis
974 695 1046 780 lege
1078 700 1215 763 cautum
1247 700 1328 780 erat,
1358 719 1402 765 ne

224 800 379 867 mulieres
403 802 583 885 sexaginta
605 803 704 868 annis
727 803 874 869 minores
894 802 1071 869 funeribus
1093 804 1307 887 interessent,
1336 805 1402 871 nisi

223 908 309 974 forte
343 908 601 995 propinquitate,
637 930 723 996 quae
760 911 851 976 esset
885 911 974 983 ἕνιὸς
1004 912 1199 995 ἀνεψιαδῶν,
1232 913 1401 977 mortuum

224 1013 463 1099 attingerent.⁴)
510 1014 670 1102 Sepulcra
692 1014 811 1083 deinde
834 1019 932 1084 vetat
954 1016 1170 1104 philosophus
1193 1016 1315 1101 (95813)
1340 1038 1401 1083 ex·
1480 1015 1485 1025 '

225 1122 309 1187 strui
333 1120 463 1205 altiora,
488 1143 589 1208 quam
605 1143 691 1209 quae
707 1123 934 1211 quinqueviri
953 1122 1095 1190 totidem
1111 1121 1228 1189 diebus
1244 1122 1403 1210 perlicere

225 1228 371 1314 possint3
396 1228 449 1295 cui
471 1227 648 1296 interdicto
672 1250 733 1296 suo
757 1230 829 1296 iure
845 1232 908 1295 viri
924 1230 1012 1297 docti
1022 1233 1044 1313 ὅ)
1061 1229 1277 1297 contulerunt
1291 1229 1401 1313 legem

225 1335 395 1419 quandam
418 1335 576 1421 Atticam,
602 1357 689 1423 quae
715 1339 768 1403 est
790 1335 880 1423 apud
904 1336 1093 1404 Ciceronem
1102 1339 1142 1420 ῆι

312 1440 390 1508 ‘Sed
413 1444 492 1529 post
511 1441 684 1529 eliquanto
702 1494 711 1509 .
726 1494 760 1510 ..
781 1443 854 1526 lege
878 1446 1033 1509 sanctum
1050 1444 1113 1525 est,
1138 1433 1180 1509 ne
1196 1443 1271 1530 quis
1287 1442 1401 1530 sepul-

225 1568 316 1613 crum
338 1547 444 1614 faciat
466 1549 645 1635 operosius,
676 1570 777 1636 quam
806 1548 896 1635 quod
919 1549 1033 1617 decem
1056 1550 1208 1616 homines
1231 1550 1403 1617 effecerint

224 1653 354 1721 triduo?

315 1760 426 1842 Quid?
449 1762 537 1849 quod
559 1763 651 1829 cives
675 1783 802 1847 omneS,
828 1763 1027 1850 quicumque
1051 1763 1122 1830 vivi
1143 1762 1273 1847 legibus
1296 1784 1399 1850 paru·

225 1868 320 1952 erint,
360 1867 515 1936 mulieres
537 1870 661 1955 pariter
684 1872 785 1956 atque
811 1870 912 1955 viros,
947 1872 1025 1956 post
1054 1872 1196 1936 mortem
1230 1873 1403 1954 ἐγκωμίοις

224 1973 318 2041 iubet
339 1973 470 2041 laudari
493 1975 587 2058 (VIII,
600 1975 702 2041 sorr]
719 1979 796 2063 sq.);
818 1976 963 2042 Athenis
985 1977 1068 2042 item
1083 1975 1298 2043 laudationes
1314 1998 1401 2064 quas
1427 2030 1430 2034 .

223 2084 348 2147 vocant
377 2080 535 2148 funebres
566 2082 645 2149 viris
677 2082 718 2149 de
749 2083 889 2149 civitate
920 2082 1006 2149 bene
1038 2083 1166 2149 meritis
1188 2083 1402 2170 maximeque

223 2187 274 2270 lie,
307 2188 364 2275 qui
393 2189 501 2254 vitam
530 2208 588 2275 pro
620 2190 730 2276 patria
759 2188 988 2276 profuderant,
1021 2189 1111 2276 apud
1140 2189 1262 2256 funera
1284 2189 1401 2256 haberi

225 2293 413 2378 solebantt

314 2402 425 2487 Atque
449 2402 551 2469 etiam
574 2403 759 2470 conamina
780 2403 910 2470 musica
938 2405 972 2470 et
995 2402 1150 2490 gymnica
1173 2406 1208 2469 et
1231 2404 1402 2490 equestria

225 2507 303 2591 (ΧΗ,
316 2507 427 2592 947Ε)
457 2509 534 2575 vult
555 2508 653 2576 Plato
685 2510 729 2577 ad
759 2509 920 2576 honorem
944 2509 1169 2597 euthynorum
1191 2513 1400 2577 mortuorum

224 2615 366 2699 institui,
390 2636 455 2702 quo
478 2618 654 2703 praecepto
678 2617 790 2684 nescio
815 2638 882 2704 quo
905 2619 1004 2704 pacto
1027 2637 1202 2684 monemur
1218 2616 1258 2683 de
1274 2617 1400 2682 Ἐπιτο-

224 2725 317 2806 ςοίοις,
339 2743 426 2809 quae
443 2743 518 2788 cum
535 2723 643 2788 omnis
658 2723 789 2806 generis
806 2723 1044 2791 certaminibus
1060 2723 1240 2790 coniuncta
1255 2723 1399 2789 Athenis

224 2830 406 2915 quotannis
437 2828 625 2912 agebantur
655 2828 699 2895 ad
728 2829 942 2897 honorandos
974 2851 1042 2915 ece,
1074 2832 1132 2917 qui
1155 2830 1317 2914 sanguine
1340 2850 1401 2917 pro

224 2937 334 3021 patria
355 2934 432 3001 fuso
456 2934 587 3021 publice
610 2936 734 3023 sepulti
757 2939 887 3020 erant⁸t

727 3166 804 3249 cap.
820 3118 895 3235 ru.

511 3293 562 3375 lle
591 3294 720 3376 sacris
749 3296 790 3376 et
818 3294 952 3377 diebus
980 3293 1112 3376 festis.

313 3450 397 3536 Vlll,
411 3452 511 3518 828ss
535 3453 745 3540 praecipitur,
769 3474 812 3519 ne
835 3475 995 3520 numerus
1022 3456 1146 3520 θυσιῶν
1169 3452 1400 3519 instituenda·

223 3579 298 3624 rum
321 3561 396 3624 ’τῶν
419 3562 509 3625 πέντε
531 3562 586 3625 καὶ
608 3563 763 3646 ἑξήκοντα
786 3563 841 3626 καὶ
862 3564 1053 3646 τριακοσίων
1073 3556 1284 3650 ἀπολείπ<ῃ>’,
1308 3559 1398 3627 unde

226 3664 371 3733 efficitur
393 3664 569 3733 Platonem
594 3688 683 3733 anuo
707 3666 874 3736 CCCLXV
898 3667 968 3735 dies
992 3667 1185 3752 attribuere,
1215 3688 1282 3753 qua
1304 3665 1340 3731 in
1362 3687 1398 3733 re

133 3764 136 3768 ’
225 3772 398 3839 acivibus
421 3774 491 3839 suis
514 3772 646 3840 recedit.
693 3773 983 3871 Complectebatur
1005 3774 1095 3841 enim
1119 3795 1229 3840 annus
1252 3773 1399 3857 Atticus,

224 3914 437 3927 —-—-—-—-

312 3986 332 4057 ⁴)
350 3985 415 4043 ibid.
434 3987 479 4051 ΠΙ,
492 3986 542 4040 127
555 4001 595 4057 sq.

313 4074 332 4144 ὖ)
352 4075 518 4142 Stallbaum,
536 4092 564 4130 n.
582 4076 619 4129 ad
637 4074 665 4130 lr.
684 4075 702 4130 l.
713 4092 720 4142 ;
740 4075 804 4130 Seb.
824 4075 899 4144 Lips.
919 4075 964 4130 Gr.
983 4075 1039 4131 Alt.
1059 4074 1156 4142 11,ss02
1173 4091 1200 4129 n.
1220 4075 1244 4131 3.

312 4162 331 4233 ‘l
351 4163 418 4233 Leg.
436 4162 644 4230 Iraque-65.
698 4189 702 4196 ·

314 4251 331 4322 Ἷ
352 4251 415 4309 Sch.
435 4253 510 4324 Lips.
529 4253 573 4309 Gr.
592 4252 649 4309 nrt.
668 4252 773 4319 11,599.

314 4340 332 4410 ⁸)
352 4340 415 4397 ibid.
435 4342 597 4408 Mommsen,
617 4341 701 4396 Peste
720 4340 820 4396 300ss.
