3292 5017
730 389 951 476 ..170-

345 565 486 631 Athenis
502 570 634 653 praeter
650 587 788 633 causam
803 569 983 651 τραύματος
1006 570 1041 633 ἐκ
1064 570 1218 650 προνοίας
1242 566 1336 633 nulla
1359 569 1438 633 erat

255 674 435 757 τραύματος
459 693 576 756 eausa,
600 674 699 739 immo
724 673 753 739 si
775 674 851 760 quis
866 672 1035 740 hominem
1050 672 1288 740 vulneraverat
1310 674 1369 753 ita,
1393 675 1433 739 ut

257 778 431 846 consilium
455 779 544 846 illius
567 779 778 847 interimendi
801 780 866 846 sibi
888 778 1035 846 defuisse
1058 779 1224 866 probaret,
1249 784 1311 846 aut
1330 783 1438 852 αἰκίας

257 888 318 952 aut
340 889 467 971 ὕβρεως
490 889 551 952 aut
573 889 696 972 βλάβης
719 886 789 974 peti
811 888 1005 973 poterat¹⁸⁶l

346 991 469 1059 Contra
500 993 572 1059 sine
603 992 704 1060 dubio
735 993 865 1079 patriae
895 994 1019 1059 retinet
1048 992 1155 1077 legem
1185 993 1283 1061 Plato
1308 994 1383 1075 (879
1394 993 1437 1075 Β)

256 1098 368 1166 verbis
391 1103 439 1172 ’ὃς
464 1102 534 1165 δ’ἂν
558 1103 673 1165 ἄκων
697 1102 791 1173 ἄλλος
814 1103 910 1166 ἄλλον
931 1102 1049 1185 τρώσῃ,
1072 1102 1108 1165 τὸ
1130 1103 1252 1185 βλάβος
1275 1102 1439 1166 ἁπλοῦν

142 1281 144 1284 ,
257 1209 451 1271 ἀποτινέτωῖ
511 1205 562 1270 Ex
600 1208 670 1272 iure
710 1207 799 1273 enim
834 1208 945 1273 Attico
985 1206 1144 1273 damnum
1179 1206 1437 1273 inconsulte

258 1311 358 1378 alicui
382 1312 499 1378 datum
523 1312 792 1399 simpliciter
815 1313 946 1380 solebat
969 1314 1164 1396 restitui.¹⁸⁰)

344 1418 406 1484 His
430 1422 508 1506 apte
537 1420 731 1486 annectitur
754 1423 826 1506 ἀίκη
851 1424 961 1493 αάιίις.
1007 1420 1138 1487 Natura
1160 1442 1238 1487 vero
1269 1424 1372 1492 αἰκίας
1398 1420 1434 1485 in

257 1526 452 1591 verberibus
475 1526 586 1612 posita
601 1528 716 1609 est.²⁸⁷)
755 1525 922 1593 Recedere
941 1531 1057 1593 tamen
1073 1527 1169 1593 Plato
1185 1528 1228 1593 ab
1244 1527 1433 1593 Athenien-

258 1634 344 1698 sium
369 1631 499 1716 legibus
522 1631 655 1699 videtur
678 1655 727 1717 eo,
760 1632 847 1720 quod
872 1636 963 1718 δίκην
985 1637 1088 1706 αἰκίας
1111 1655 1179 1700 11011
1207 1632 1336 1700 intendi
1360 1632 1438 1699 vult

257 1740 324 1805 nisi
341 1739 509 1805 hominem
521 1740 642 1823 viginti
657 1745 745 1807 certe
762 1740 860 1806 annis
877 1741 1080 1827 superiorem
1092 1741 1283 1808 verberanti
1299 1741 1375 1822 (880
1388 1741 1439 1825 B).

258 1845 373 1932 Neque
390 1867 468 1912 vero
493 1846 564 1912 sine
584 1848 714 1913 ratione
730 1846 901 1912 Hermann
912 1849 963 1929 138)
988 1848 1178 1933 suspicatur
1199 1846 1435 1934 philosophum

259 1953 334 2033 (882
350 1952 425 2035 ΑΒ)
457 1973 602 2035 servum,
634 1954 692 2041 qui
718 1953 888 2019 hominem
918 1952 1058 2021 liberum
1089 1953 1325 2037 verberaverit,
1357 1952 1439 2020 huic

258 2058 322 2145 ipsi
345 2058 589 2125 verberandum
620 2065 681 2127 aut
708 2060 923 2126 vinciendum
956 2060 1104 2127 exhiberi
1133 2060 1306 2126 iubentem
1329 2059 1435 2126 Athe-

259 2166 426 2232 niensium
449 2187 549 2231 usum
572 2166 723 2233 retinere.
747 2205 783 2213 —
822 2167 868 2233 Ut
890 2165 986 2234 Plato
1010 2165 1152 2234 vinculis
1183 2168 1247 2233 hoc
1278 2165 1438 2234 delictum

258 2271 306 2337 lui
330 2271 405 2338 vult
428 2272 504 2354 (880
521 2272 595 2357 OD),
620 2274 669 2339 ita
682 2273 824 2338 Athenis
847 2276 952 2339 αίιιίαν
975 2274 1010 2339 in
1032 2296 1068 2339 se
1085 2273 1278 2339 admittenti
1292 2274 1440 2359 plerum-

260 2399 324 2464 que
347 2378 455 2445 multa
477 2380 774 2465 imponebatur.¹⁸⁹)

349 2486 445 2551 Nunc
467 2488 694 2573 pestringatur
725 2489 833 2571 γραφὴ
858 2490 1061 2571 ἀσεβείας.
1108 2487 1158 2551 Ac
1180 2485 1278 2553 Plato
1302 2486 1438 2572 quidem

260 2591 311 2674 (Χ,
326 2592 484 2676 necess)
509 2592 687 2678 distinguit
711 2614 771 2659 sex
794 2596 938 2677 ἀσεβείας
966 2614 1099 2677 genera,
1132 2614 1217 2680 quae
1242 2614 1440 2660 enumerare

259 2698 343 2763 nihil
366 2700 491 2765 attinet
513 2702 698 2786 propterea,
724 2700 803 2787 quia
826 2699 1029 2766 Athenis-
1050 2700 1204 2787 quamvis
1227 2700 1281 2767 hic
1303 2721 1438 2787 quoque

260 2809 387 2890 ἀσέβεια
410 2807 506 2872 varia
535 2805 808 2893 complecteretur
836 2806 962 2873 scelera
985 2846 1027 2853 —
1052 2806 1214 2875 eiusmodi
1243 2810 1441 2874 accuratum

260 2912 403 2978 indicem
427 2912 532 2979 fuisse
557 2911 800 2996 denegaverim.
838 2913 1018 2981 Praeterea
1033 2915 1067 2980 in
1091 2914 1199 3001 impiis
1216 2913 1307 2981 ducit
1329 2914 1436 3001 philo·

261 3020 396 3105 sophus,
430 3042 452 3086 a
480 3021 610 3106 patriae
640 3019 771 3104 legibus
802 3021 874 3086 sine
897 3019 1003 3107 ¹dubio
1028 3021 1205 3103 digressus
1217 3022 1269 3103 140)
1302 3022 1460 3090 omnino.

262 3148 329 3204 eos
355 3128 411 3214 qui
435 3148 531 3194 sacre
554 3126 751 3214 possideant
772 3128 907 3215 privata
926 3127 1109 3209 (eoeoss).
1149 3128 1271 3194 Contra
1293 3127 1440 3194 Athenis

260 3233 428 3300 interdum
453 3237 578 3319 ἀσεβείᾳ
602 3234 737 3300 obnoxii
761 3238 858 3300 erant
880 3235 952 3316 viri,
985 3255 1068 3320 quos
1091 3255 1150 3320 per
1172 3233 1324 3299 Platonis
1349 3239 1438 3300 certe

261 3344 440 3427 praecepta
463 3342 563 3407 huius
587 3340 719 3407 sceleris
743 3362 812 3407 non
844 3341 923 3408 licet
945 3346 1067 3427 petere.
1120 3342 1341 3424 Anaxagoras
1365 3342 1438 3427 qui·

353 3517 394 3587 ¹³⁶)
414 3518 579 3582 Thoniseen,
600 3517 674 3571 droit
692 3518 775 3588 penal
793 3518 860 3584 2593
879 3518 938 3574 Att.
958 3518 1038 3573 Proc.
1052 3517 1105 3572 387
1124 3521 1154 3572 et
1170 3518 1232 3573 647.

353 3606 394 3676 ¹³⁶)
413 3607 477 3662 ibid.
497 3606 559 3661 225.

353 3694 394 3764 ¹⁸⁷)
414 3694 477 3750 ibid.
491 3695 557 3760 647;
583 3693 748 3761 Thoniseen,
769 3696 844 3750 droit
862 3695 943 3766 penei
962 3695 1029 3762 265;
1055 3696 1089 3751 cf.
1110 3697 1196 3750 etiam
1220 3696 1292 3751 Plat.
1306 3696 1349 3750 De
1367 3696 1441 3767 Rep„

262 3783 295 3849 V,
305 3782 359 3838 465
368 3783 405 3837 A:
420 3827 426 3839 .
440 3828 446 3839 .
461 3782 546 3839 ,ὀίιτε
558 3780 622 3836 ἄλλο
634 3781 779 3853 βιάζεσθαι
788 3781 944 3850 ἐπιχειρήσει
960 3783 1027 3837 ποτὲ
1039 3783 1098 3837 otu
1109 3783 1259 3839 τύπτειν]
1278 3785 1309 3838 111
1321 3784 1366 3840 hie
1377 3801 1440 3839 ver·

262 3872 305 3927 bis
322 3869 467 3941 βιὰζτσθαι
484 3874 520 3927 ad
538 3872 640 3942 βιαίων,
658 3870 765 3925 τύπτειν
784 3873 821 3927 ad
840 3873 926 3930 αίιιίατ
944 3868 1018 3939 δίκην
1041 3876 1168 3945 spectare
1192 3874 1256 3928 inde
1275 3890 1444 3943 cognoscas,

264 3961 340 4032 quod
357 3961 441 4032 paulo
461 3965 528 4016 ante
547 3961 608 4031 (464
617 3961 648 4031 Ε)
667 3962 802 4033 seriptum
820 3962 959 4017 videmus:
974 3960 1032 4014 ‘aab
1049 3960 1103 4030 μὴν
1121 3957 1180 4015 obrid
1198 3962 1321 4032 βιαίων
1337 3982 1365 4032 γε
1383 3957 1445 4014 ott*

263 4043 376 4107 αἰκίας
394 4045 465 4103 δίκαι
484 4046 589 4107 δικαίως
606 4032 709 4103 ἃνοιῖτν
726 4047 755 4102 ἐν
773 4048 883 4107 αὐτοῖς’.

355 4138 394 4209 ¹³⁸)
414 4140 449 4195 de
467 4140 593 4209 vestigiis
611 4139 654 4195 57.

354 4229 395 4299 189)
414 4230 474 4286 Att.
493 4229 572 4285 Proc.
591 4229 659 4295 648;
678 4228 756 4285 Paul.
767 4229 850 4285 Wiss
864 4229 902 4295 1¹,
915 4230 984 4285 1006
1003 4248 1043 4300 sq.

355 4318 397 4388 ¹⁴⁰)
418 4318 581 4384 Stallbaum,
601 4335 627 4373 n.
647 4317 797 4374 000091).
823 4339 826 4344 ·
