3292 5017
739 435 962 501 ,38-

781 699 858 786 Gap.
881 699 934 765 IX.

662 825 713 907 De
741 825 1045 926 magistratibus.
1359 921 1361 924 v

243 960 248 967 ‚
354 985 571 1068 Magistratus
596 984 665 1066 (XII
685 985 750 1051 945
763 984 799 1070 Β)
825 984 1059 1052 discernuntur
1082 988 1172 1050 ‘aurci
1195 986 1293 1096 τύχνχν
1315 986 1439 1069 κλήρου

264 1094 318 1158 καὶ
349 1095 399 1158 ἐπ’
423 1092 570 1158 ἐνιαυτὸν
597 1095 632 1157 et
662 1095 718 1164 ἐἰς
747 1094 875 1158 πλείονα
906 1095 958 1176 ἔτη
986 1093 1040 1157 καί
1071 1094 1106 1157 ἐκ
1133 1095 1325 1176 προκρίτων
1357 1111 1441 1157 uon-

265 1198 384 1266 stituti.
421 1197 565 1264 Athenis
582 1200 716 1264 constat
731 1198 881 1264 Platonis
905 1200 1019 1265 aetate
1035 1197 1135 1283 longe
1150 1197 1308 1284 plurimos
1332 1199 1438 1281 magi-

265 1309 394 1372 stratus
407 1308 496 1370 sorte
510 1326 584 1370 esse
598 1304 725 1388 ductos,
742 1325 868 1392 paucos
878 1309 1053 1390 χειροτονίᾳ
1065 1308 1228 1388 creatos.1)
1264 1303 1440 1371 Platonem

264 1414 396 1500 praeter
418 1415 611 1496 χειροτονίαν
635 1410 795 1478 creationi
817 1416 974 1485 πινακίοις
1004 1410 1231 1478 instituendae
1260 1411 1440 1478 concedere

265 1519 375 1586 locum
400 1539 579 1602 cognoscas
603 1539 646 1584 ex
668 1517 723 1601 Vl,
741 1519 805 1586 753
819 1518 851 1585 O.
898 1518 993 1599 Quod
1022 1517 1240 1605 philosophus
1265 1518 1381 1599 (7551)
1404 1503 1453 1584 et

264 1625 335 1707 XII,
345 1624 411 1691 948
423 1625 459 1708 E)
477 1646 544 1709 eos,
570 1625 627 1710 qui
641 1626 860 1709 magistratus
873 1625 1010 1691 electuri
1026 1626 1103 1707 sint,
1120 1625 1228 1691 iurare
1240 1624 1325 1709 vult,
1349 1627 1440 1691 racto

265 1731 396 1799 confert
419 1731 606 1815 Ziebarth‘l
635 1733 687 1798 ius
710 1731 898 1814 iurandum,
931 1752 997 1817 quo
1021 1752 1110 1797 anno
1134 1733 1197 1797 411
1223 1731 1326 1797 denes
1348 1732 1440 1797 viros

265 1859 308 1905 ex
332 1837 472 1921 singulis
495 1838 649 1905 tribubus
673 1838 797 1905 electos
821 1839 865 1905 ad
887 1841 1153 1923 πεντακισχιλίους
1180 1837 1255 1904 illos
1279 1836 1441 1906 creandos

266 1945 444 2012 obstrictos
469 1967 543 2012 essa
566 1945 796 2029 Aristoteles⁸)
820 1944 932 2011 tradit.

356 2053 421 2120 753
434 2051 460 2117 Β
477 2053 653 2118 statuitur:
670 2055 794 2124 ’πάντες
805 2054 865 2136 μὲν
876 2053 1120 2118 κοινωνούντων
1132 2060 1186 2136 τῆς
1196 2056 1262 2117 τῶν
1273 2053 1442 2136 ἀρχόντων

265 2162 426 2242 αἱρέσεως,
443 2161 630 2244 ὁπόσοιπερ
646 2163 686 2224 ἂν
701 2161 797 2224 ὅπλα
813 2159 925 2224 ῑττττικὰ
941 2164 961 2243 ἢ
977 2161 1089 2235 πεζικὰ
1111 2161 1333 2224 τιθῶνταί.
1368 2157 1440 2224 Hoc

264 2268 441 2353 praecepto
464 2266 578 2332 nescio
602 2286 667 2351 quo
691 2271 789 2350 pacto
806 2286 980 2331 monemur
1004 2265 1044 2331 de
1068 2265 1167 2331 simili
1182 2264 1440 2332 Atheniensium

264 2371 347 2458 lege,
382 2393 424 2439 ex
454 2393 522 2458 qua
552 2372 666 2438 aditus
696 2371 740 2438 ad
770 2371 913 2438 honoras
944 2392 1012 2438 non
1042 2372 1184 2457 patebat
1213 2372 1279 2438 nisi
1310 2371 1442 2438 civibus

265 2478 489 2565 superioribus
500 2478 607 2545 tribus
620 2478 784 2544 classibus
795 2478 948 2565 ascriptis
960 2483 999 2544 ut
1011 2480 1106 2544 ὅπλα
1117 2503 1213 2562 παρε
1217 2504 1262 2564 χο
1267 2479 1440 2563 μένοιςβ)

264 2586 330 2651 nisi
353 2584 442 2672 quod
465 2584 562 2652 Plato
587 2584 690 2651 etiam
721 2585 850 2671 copiam
873 2585 1091 2669 magistratus
1115 2584 1248 2658 creandi
1275 2586 1351 2651 unis
1374 2583 1442 2651 illis

265 2694 348 2777 ὅπλα
370 2695 545 2777 τιθεμένοις
568 2691 727 2759 concedit.

356 2800 564 2866 Greabantur
594 2819 672 2866 vero
705 2798 923 2882 magistratus
946 2798 1089 2866 Athenis
1123 2800 1158 2865 in
1193 2801 1442 2883 ἀρχαιρεσίων)

266 2906 452 2993 dequibus
475 2906 601 2973 mentio
623 2904 766 2973 infertur
789 2906 854 2973 752
866 2905 899 2973 O.

356 3012 453 3079 (lives
485 3013 623 3096 triginta
653 3013 750 3078 annis
781 3013 927 3079 minores
950 3016 1066 3079 vetare
1096 3011 1272 3079 Platonem
1306 3011 1444 3099 publica

265 3140 379 3203 gerare
409 3140 550 3186 munera
581 3118 722 3186 dilucide
753 3123 894 3207 apparet
917 3140 960 3186 ex
984 3118 1100 3201 785Β;
1131 3118 1273 3184 Athenis
1296 3119 1443 3185 eundem

266 3226 392 3292 aetatis
423 3227 602 3292 terminum
633 3225 818 3309 legitimum
849 3226 962 3308 tuisse,
995 3247 1017 3292 a
1039 3244 1104 3311 quo
1129 3224 1270 3310 quisque
1300 3224 1443 3291 haberet

265 3331 462 3399 facultatem
486 3332 629 3400 honores
653 3332 864 3424 assequendi,
889 3353 958 3398 non
982 3333 1073 3398 caret
1096 3330 1365 3418 probabilitatefl)

356 3439 555 3527 Priusquam
578 3439 727 3523 singulos
750 3438 998 3505 consideremus
1025 3439 1252 3521 magistratus,
1284 3438 1443 3504 universe

267 3567 376 3633 pauca
400 3546 613 3633 disputentur
627 3567 765 3612 necesse
789 3547 844 3612 est
867 3544 907 3611 de
924 3548 1094 3629 δοκιμασίᾳ
1118 3548 1153 3611 ct
1174 3547 1331 3620 εὐθύναις,
1356 3565 1443 3631 quas

222 3699 224 3704 -
268 3673 384 3739 omnes
408 3655 488 3718 ante
511 3672 635 3718 munus
658 3654 853 3739 susceptum
876 3650 931 3718 vel
963 3650 1148 3739 depositum
1173 3651 1297 3718 debent
1320 3651 1442 3719 subire.

280 3933 285 3942 ’
357 3919 377 3988 ¹)
396 3920 513 3975 Aristot.
532 3918 582 3971 ’At
598 3916 659 3974 ποί..
676 3919 720 3985 43,
733 3920 756 3974 1.

282 4027 285 4031 ·
357 4009 376 4078 ⁹)
395 4010 438 4063 De
456 4009 650 4065 iureiurando
669 4010 698 4064 in
716 4008 781 4064 iure¹
795 4009 902 4064 Graeco
923 4009 1102 4081 quaestiones
1120 4006 1164 4062 38.

357 4100 376 4169 ⁸)
394 4100 452 4154 Aa.
471 4095 532 4154 πολ.
550 4097 593 4165 29,
604 4099 629 4154 5.

356 4188 375 4258 ⁴)
394 4187 487 4245 Herm.
506 4187 619 4244 'I'hums
639 4187 785 4245 Staatsalt.
804 4187 916 4256 11,*351;
934 4187 1045 4243 Wilam.
1058 4187 1105 4241 Ar.
1117 4204 1145 4242 u.
1157 4185 1225 4242 Ath.
1238 4186 1258 4252 1,
1271 4187 1316 4243 78.

357 4278 375 4349 ⁶)
395 4278 472 4334 Paul.
487 4277 569 4334 Wiss.
583 4278 628 4344 111,
646 4276 712 4345 4363
733 4277 795 4334 Sch.
809 4278 884 4348 Lips.
899 4277 945 4335 Gr.
957 4277 1013 4331 Alt.
1028 4277 1047 4342 1,
1057 4276 1118 4332 418.

356 4368 375 4438 θ)
394 4367 458 4425 ibid
472 4367 492 4433 Ι,
502 4366 568 4435 435;
587 4367 679 4422 Herm.
693 4366 806 4423 Thums.
822 4364 1082 4430 sammaritae.
