3292 5017
718 387 940 453 -7ss-

234 565 309 631 cati
331 563 566 652 philosophum
590 564 690 652 plane
713 564 769 632 illo
793 564 865 631 loco
888 566 942 630 ius
965 566 1116 633 Atticum
1140 566 1328 650 imitation)
1361 566 1419 633 vix

241 672 364 738 habere
402 671 551 753 videtur,
591 693 657 758 quo
696 673 834 739 nitatur.
888 672 1100 759 Quamquam
1138 672 1234 739 facile
1274 671 1418 740 concedo

238 778 416 845 Platonem
439 778 585 845 fortasse
607 779 737 866 patriae
760 779 916 866 amplecti
940 779 1048 862 legem
1071 779 1340 866 praecipientem,
1368 783 1416 863 ut,

233 885 269 950 :si
300 885 374 971 quis
406 884 446 951 de
478 885 643 952 industria
676 885 838 952 eiusmodi
866 907 1000 952 servum
1024 888 1196 969 aegrotum
1220 885 1416 969 vendiderit,

238 990 482 1078 dupliciter,1⁷⁸)
515 993 567 1058 sin
591 992 712 1074 minus,
745 992 938 1079 simpliciter
961 992 1121 1059 damnum
1145 996 1255 1060 ortum
1278 993 1419 1078 emptori

232 1098 372 1165 sarciat.
974 1177 976 1182 Ι

329 1206 436 1271 92ΟΙ)
461 1206 640 1289 attingitur
663 1209 734 1291 δίκη
760 1209 889 1278 ἀτελοῦς
912 1209 1093 1290 ὁμολογίας,
1123 1227 1210 1293 quae
1235 1213 1313 1293 apte
1338 1227 1417 1272 eon·

236 1310 345 1378 fertur
378 1311 635 1379 Atheniensium
671 1315 742 1398 δίκῃ
775 1314 1022 1397 συμβολαίων
1052 1351 1097 1359 -
1127 1313 1181 1379 vel
1212 1315 1418 1397 συνθηκῶν

230 1421 559 1504 .παραβάσεως.”4)

329 1525 410 1592 Oum
434 1527 498 1592 hac
521 1547 626 1593 causa
649 1526 814 1593 artissime
839 1525 995 1592 cohaeret
1019 1528 1090 1611 δίκη
1114 1530 1359 1610 praecarer:
1455 1597 1458 1602 ,

329 1631 444 1718 Operis
467 1632 594 1699 locator
617 1637 652 1699 et
675 1632 856 1700 conductor
878 1633 967 1698 inter
989 1653 1025 1698 se
1048 1633 1262 1720 paciscantur
1277 1654 1415 1700 necesse

229 1744 298 1826 est,
324 1739 413 1805 intra
437 1739 526 1826 quod
548 1740 707 1828 temporis
732 1741 879 1827 spatium
895 1740 949 1806 hic
965 1761 1048 1826 opus
1064 1740 1233 1827 perficere,
1258 1739 1312 1806 ille
1328 1761 1415 1806 mer-

231 1846 351 1912 cedem
374 1848 540 1932 —pacto
565 1846 689 1914 scilicet
704 1847 942 1934 praestitutam
964 1884 1009 1893 -
1033 1845 1159 1912 solvere
1176 1846 1307 1912 debeat.
1343 1846 1414 1927 Quo

133 1942 135 1945 ⁴
235 1953 271 2018 in
287 1955 386 2039 pacto
403 1953 432 2017 si
448 1953 633 2035 alteruter,
658 1962 719 2020 aut
734 1953 859 2019 locator
875 1956 937 2019 aut
953 1953 1143 2035 conductor,
1167 1974 1236 2018 non
1251 1956 1413 2037 maneret,

237 2059 380 2125 Athenis
410 2060 605 2147 plerumque
634 2064 829 2144 μισθώσεως
852 2067 965 2127 actum
989 2081 1063 2126 esse
1087 2081 1156 2125 non
1180 2062 1272 2125 caret
1293 2059 1414 2146 proba-

230 2162 431 2250 bilitate¹l⁶l
470 2167 519 2232 De
542 2167 596 2232 his
619 2168 719 2234 rebus
743 2166 887 2253 explicat
902 2167 1000 2233 Plato
1017 2168 1081 2232 921
1094 2168 1125 2234 Α
1138 2169 1254 2251 ss‚;¹⁷⁶t
1279 2187 1318 2232 ae
1335 2187 1414 2233 con-

228 2271 408 2340 ductorem
439 2274 574 2360 quidem
603 2274 794 2361 pactionem
823 2272 1037 2357 frangentem
1066 2273 1160 2340 iubet
1189 2294 1274 2359 opus
1303 2272 1412 2339 denuo

228 2380 325 2444 intra
354 2383 488 2466 tempus
520 2379 709 2447 condictum
740 2382 843 2462 gratis
873 2381 1047 2467 perficere,
1084 2383 1201 2447 contra
1231 2381 1412 2447 locatorem

233 2484 322 2551 idem
345 2486 381 2551 in
396 2508 433 2553 se
450 2486 684 2553 admittentem
702 2486 859 2553 delictum
877 2486 1014 2574 duplum
1029 2487 1190 2553 mercedis
1206 2487 1413 2553 constitutae

234 2591 388 2679 pendere.
435 2592 470 2659 Si
493 2594 636 2680 quaeris,
666 2614 834 2680 quaenam
857 2615 987 2680 poenae
1012 2615 1054 2660 ex
1076 2594 1148 2660 iure
1172 2595 1284 2661 Attico
1309 2615 1413 2660 causa

228 2703 440 2785 -oopcpioioimr
470 2701 526 2766 vel
554 2704 749 2785 μισθώσεως
780 2699 914 2766 cadenti
943 2701 1108 2783 irrogatae
1139 2701 1217 2786 sint,
1250 2701 1413 2787 suspicari

228 2806 344 2873 ausim
366 2807 438 2893 ipso
462 2813 562 2893 pacto
586 2806 627 2874 de
650 2807 715 2874 illis
739 2807 850 2875 caveri
874 2829 948 2874 esse
971 2806 1107 2873 solitum
1126 2809 1186 2890 ita,
1210 2812 1250 2873 ut
1264 2806 1412 2873 iudicum

228 2932 302 2979 non
334 2916 424 2980 essct
454 2915 520 2981 nisi
550 2914 735 3001 decernere,
768 2918 881 2981 utrum
910 2914 950 2980 de
977 2915 1049 2980 iure
1071 2936 1148 2981 rens
1171 2916 1297 3001 petitus
1321 2918 1412 2979 esset

228 3023 402 3105 necne.¹7⁷)

323 3127 405 3194 Cum
445 3149 494 3212 ea,
532 3150 619 3216 quae
656 3127 808 3212 (928BO)
849 3127 889 3194 de
928 3131 1106 3213 ἀμελείᾳ
1145 3132 1180 3193 et
1224 3130 1410 3194 κακώσει

226 3235 432 3318 «ὀρφανῶν
455 3237 662 3311 statuuntur,
694 3255 763 3302 non
793 3235 938 3301 multum
969 3237 1148 3302 videantur
1169 3233 1293 3300 habere
1318 3254 1409 3300 com-

232 3361 334 3406 mune
366 3362 440 3407 oum
464 3341 722 3408 Atheniensium
754 3344 849 3426 φάσει
878 3350 936 3407 τοῦ
967 3344 1145 3426 ὀρφανεκοῦ
1169 3343 1323 3423 οἴκονῑῗῧ)
1349 3342 1410 3406 aut

322 3518 365 3587 ¹⁷⁹)
384 3520 419 3572 de
437 3518 562 3588 vestigiis
580 3519 627 3585 663
647 3518 721 3573 idem
740 3519 871 3589 opinatur
889 3518 1054 3581 Thonissem
1074 3518 1148 3572 droit
1166 3517 1327 3589 pena1405.

322 3606 364 3675 ¹⁷³)
383 3607 461 3663 Paul.
474 3608 558 3663 Wiss.
578 3608 616 3673 12,
627 3606 709 3673 20223
729 3608 883 3674 Beauchet,
902 3608 976 3661 droit
994 3608 1072 3677 prive
1090 3608 1135 3673 IV,
1148 3607 1206 3662 153.

322 3695 363 3764 ¹⁷⁴)
382 3695 441 3752 Att.
461 3696 541 3752 Proc.
560 3696 614 3751 697
631 3713 658 3752 n.
673 3696 738 3763 5993
758 3696 909 3761 Beauchet,
930 3696 1004 3750 droit
1022 3696 1100 3766 prive
1117 3696 1163 3760 IV,
1172 3695 1226 3750 415
1236 3712 1277 3766 sq.

322 3783 363 3852 ²⁷⁵)
382 3783 446 3841 ibid.
465 3784 586 3852 1V‚·2oa;
615 3785 674 3842 Att.
694 3786 774 3841 Proc.
794 3784 859 3851 ‘1313
888 3785 980 3840 Herm.
1008 3785 1050 3855 (de
1074 3785 1201 3854 vestigiis
1219 3785 1262 3854 67)
1288 3784 1408 3839 Athenis

222 3867 339 3941 ψεύδους
362 3888 446 3942 agere
463 3874 575 3930 licuisse
593 3876 652 3929 veri
670 3875 760 3929 simile
779 3875 867 3940 ducit3
894 3890 1063 3946 quamquam
1082 3870 1157 3940 dhar
1174 3870 1282 3943 ψεύδους
1299 3874 1335 3927 ab
1354 3888 1407 3927 usu

223 3960 336 4016 ¹forensi
353 3962 449 4018 Attico
468 3963 589 4018 alienam
607 3980 669 4019 esse
688 3980 853 4034 persuasum
873 3963 973 4019 habeo.
1092 4010 1094 4012 ,

321 4050 362 4119 ²⁷⁶)
382 4051 416 4107 cf.
437 4052 528 4109 Herm.
549 4052 649 4109 Thalh.
669 4053 701 4108 R.
716 4054 748 4109 A.
771 4052 821 4107 115
840 4069 868 4108 n.
881 4052 906 4108 2.

321 4138 362 4207 ²⁷⁷)
382 4139 534 4208 Beauchet,
554 4142 628 4197 droit
647 4142 725 4213 prive
745 4141 861 4206 lucer.

320 4229 362 4298 ¹⁷⁸>
381 4229 413 4283 In
441 4248 475 4285 eo
494 4230 644 4286 Platonem
662 4231 876 4285 Atheniensium
904 4231 984 4303 sequi
1011 4247 1100 4295 usum,
1129 4231 1205 4301 quod
1232 4230 1338 4284 multae
1356 4246 1404 4283 reo

223 4315 370 4386 irrogatae
388 4319 570 4374 dimidiam
588 4321 726 4390 partem
744 4321 833 4374 actori
851 4321 920 4374 velit
938 4320 1029 4374 addici
1041 4319 1136 4391 (9280)
1156 4323 1253 4374 censet
1265 4319 1405 4373 Hermann
