3292 5017
726 410 950 477 ÷-16-

250 607 315 673 quo
347 591 445 673 paeto
477 608 651 654 monemur
682 586 723 653 de
754 588 853 654 simili
878 589 1009 655 Solonis
1040 588 1149 674 lega)
1181 611 1283 676 quam
1305 596 1427 679 postea

250 693 475 760 Athenienses
499 698 587 761 certe
610 695 864 779 neglexerunt.)

337 801 518 867 Praeterea
529 800 745 888 philosophus
763 802 827 885 (Vl,
839 802 902 868 775
915 804 954 880 A)
970 805 1151 890 praecepta
1162 802 1222 870 dat
1233 802 1274 870 de
1285 826 1426 871 numero

249 908 466 973 convivarum
490 906 532 974 ad
557 907 673 993 epulas
697 907 866 995 nuptiales
883 907 1148 976 adhibendorum
1164 931 1203 976 ac
1219 909 1260 977 de
1277 917 1424 999 sumptu,

248 1034 347 1099 quem
363 1015 482 1100 cuique
498 1015 532 1079 in
548 1014 612 1079 has
627 1016 719 1100 ipsas
731 1014 922 1101 impendere
934 1014 1066 1099 liceatl)
1091 1015 1221 1083 Similes
1233 1017 1275 1082 de
1286 1021 1424 1106 sumptu
1474 1081 1475 1084 ,

247 1118 338 1203 leges
361 1120 551 1187 Demetrius
574 1119 710 1187 demum
733 1120 948 1188 Phalerensis
971 1122 1126 1189 sanxisse
1149 1123 1326 1209 traditur.)

336 1226 519 1294 Videamus
535 1248 634 1312 nune,
652 1232 821 1313 quatenus
837 1228 1031 1315 voluptates
1047 1250 1212 1296 venereae
1226 1229 1262 1294 in
1277 1229 1424 1314 Legibus

246 1333 491 1420 permittantur.
525 1335 575 1400 De
599 1356 726 1420 quare
750 1335 828 1421 quid
844 1337 978 1403 statuat
992 1334 1099 1422 Plato,
1125 1356 1167 1402 ex
1182 1335 1266 1420 VIII,
1276 1336 1424 1405 serua

248 1441 392 1507 maxime
415 1441 635 1526 cognoscitur,
661 1462 726 1527 quo
750 1440 821 1508 loco
839 1446 899 1509 aut
914 1442 1084 1508 nemiuem
1099 1444 1222 1510 audere
1237 1442 1312 1510 vult
1328 1449 1426 1510 extra

245 1548 373 1614 iustum
404 1547 652 1614 matrimonium
683 1547 868 1615 libidinosis
900 1549 1008 1615 omnis
1038 1550 1168 1633 generis
1195 1549 1424 1636 complexibus

246 1653 313 1719 frui
335 1657 397 1721 aut
419 1675 596 1741 puerorum
620 1658 708 1721 certe
732 1676 878 1721 amorem
902 1654 1094 1737 longissime
1116 1658 1278 1723 removeri
1299 1656 1358 1739 ita,
1382 1659 1424 1722 ut

247 1782 321 1827 curn
353 1759 553 1828 mulierculis
585 1762 706 1849 emptis
736 1761 792 1828 vel
823 1760 1085 1853 quoquomodo
1118 1765 1318 1848 comparatis
1342 1783 1422 1828 con-

247 1868 400 1934 cumbere
423 1890 492 1934 non
514 1867 623 1951 liceat,
647 1869 712 1934 nisi
736 1869 810 1955 quis
835 1869 878 1934 ab
903 1869 1051 1934 omnium
1066 1869 1211 1936 virorum
1228 1868 1421 1936 mulierum·
1511 1893 1513 1902 ·

246 1996 310 2061 que
335 1980 515 2062 conspectu
539 1996 574 2041 se
598 1976 752 2042 occultet.

334 2080 380 2148 Ut
409 2103 587 2168 puerorum
617 2102 763 2149 amorem
796 2083 887 2169 prius
920 2081 1147 2169 expediamus,
1178 2082 1322 2149 Athenis
1348 2082 1422 2166 lege

246 2192 401 2255 sanctum
417 2192 498 2272 erat,
515 2192 562 2272 ut,
578 2190 634 2275 qui
650 2189 724 2256 aliis
739 2189 899 2255 lubidinis
915 2194 1047 2276 praeter
1062 2194 1220 2256 naturam
1235 2188 1419 2275 explendae

245 2316 349 2361 causa
378 2295 484 2382 pretio
515 2298 652 2381 accepto
684 2317 758 2362 sese
789 2297 991 2383 proiecisset,
1023 2299 1096 2383 ipso
1126 2297 1197 2362 iure
1228 2297 1336 2383 capite
1360 2296 1421 2362 de-

244 2404 481 2486 minueretur.)
532 2404 582 2469 Ac
612 2402 670 2488 qui
700 2423 782 2488 puer
812 2404 966 2489 quamvis
998 2403 1158 2469 dedecore
1187 2402 1243 2468 illo
1274 2402 1419 2469 admisso

243 2513 360 2575 tamen
382 2531 449 2576 non
473 2510 513 2574 iis
536 2509 732 2575 abstinebat
755 2509 959 2592 muneribus,
984 2529 1070 2594 quae
1094 2511 1133 2574 ut
1156 2512 1261 2592 ἀτιμίᾳ
1280 2511 1420 2575 notatus

162 2627 166 2633 '
244 2637 357 2699 gerere
380 2616 570 2699 vetabatur,
593 2619 783 2701 ἑταιρήσεως
805 2619 939 2702 poterat
962 2616 1084 2681 arcessi
1107 2635 1175 2681 non
1190 2614 1302 2679 minus
1318 2635 1419 2700 quam

243 2726 364 2806 κύριος,
397 2721 453 2809 qui
483 2722 644 2809 pupillum
672 2722 743 2788 viro
767 2721 866 2789 alicui
888 2721 1036 2809 turpium
1059 2723 1291 2807 complexuum
1315 2741 1419 2787 causa

243 2828 423 2913 locaverat,
455 2832 516 2895 aut
547 2828 689 2915 denique
721 2850 848 2911 omnes,
880 2829 1079 2915 quicumque
1111 2827 1252 2895 eandem
1283 2827 1418 2893 obrem

244 2936 387 3022 aliquem
403 2936 599 3003 locaverant
613 2934 669 3002 vel
684 2934 949 3019 conduxerant.)
974 2935 1184 3021 Quamquam
1198 2933 1264 3001 fuit
1276 2936 1419 3020 tempus

244 3064 320 3109 cum
343 3064 480 3110 severae
503 3042 581 3110 illae
605 3044 646 3110 de
661 3064 846 3129 puerorum
870 3063 983 3108 amore
1006 3041 1098 3126 leges
1122 3062 1322 3126 magnopere
1338 3062 1418 3107 con-

243 3152 519 3235 temnerentur.1⁰)

331 3257 417 3324 Hinc
448 3260 619 3324 vertamur
649 3256 692 3322 ad
724 3277 871 3324 amorem
901 3255 1100 3321 feminarum
1131 3252 1418 3323 considerandum.

242 3363 314 3430 Iam
325 3385 404 3431 vero
415 3366 587 3452 perspicue
599 3364 696 3430 Plato
710 3363 803 3447 )VIII‚
814 3365 879 3429 841
892 3363 932 3446 D)
945 3361 1121 3445 distinguit
1132 3364 1269 3446 γαμετὴν
1282 3370 1415 3446 γυναῖκα

331 3542 351 3610 ¹¹)
370 3542 443 3597 Plut.
456 3543 493 3609 V;
513 3543 570 3597 Sol.
583 3541 641 3611 2οτἸ
655 3539 719 3594 ’τῶν
742 3537 767 3593 c?
783 3537 870 3594 atla
892 3497 990 3610 yriporv'
1008 3535 1098 3608 ἀφεῖλε
1122 3536 1169 3595 τὰς
1193 3537 1294 3609 φερνάς,
1320 3532 1415 3606 ἱμάτια

241 3631 304 3701 τρία
320 3634 366 3683 καὶ
384 3631 461 3697 σκεύη
476 3635 573 3702 μικροῦ
589 3631 751 3699 νομίσματος
769 3628 834 3693 ἄξια
850 3626 978 3692 κελεύσας,
997 3627 1087 3698 ἕτερον
1105 3624 1134 3681 δὲ
1144 3624 1227 3697 μηδὲν
1238 3625 1415 3697 ἐπιφέρεσθαι
1467 3633 1469 3636 ’

241 3721 289 3786 τὴν
306 3719 488 3789 yapovplmv?
525 3720 567 3777 Cf.
586 3719 678 3776 llerm.
699 3720 734 3774 de
752 3718 881 3788 vestigiis
898 3719 935 3772 24
952 3735 979 3772 n.
992 3718 1036 3773 78.
1153 3789 1154 3792 Ἴ

331 3812 342 3844 b

331 3810 351 3968 ⁶)
370 3809 717 3968 eAlttHErrdredblbestigiis
734 3896 770 3951 36
788 3894 894 3964 n.137;
914 3896 965 3951 iur.
985 3896 1058 3951 dom.
1078 3911 1167 3965 comp.
1182 3893 1224 3949 11.

331 3987 350 4057 7)
371 3987 437 4042 Seh.
455 3987 531 4059 Lips.
551 3987 596 4042 Gr.
615 3988 672 4042 Art.
686 3988 706 4051 Ι,
717 3986 778 4042 580.

331 4078 350 4146 ⁸)
369 4077 435 4132 ibid.
459 4076 555 4143 1‚eos;
586 4075 775 4143 Boea-aod,
803 4074 923 4131 Charikl.
947 4074 981 4141 11,
991 4073 1045 4129 270
1054 4090 1108 4145 sq.;
1139 4071 1312 4138 Thonissen,
1341 4069 1415 4123 droit

241 4166 428 4325 penalliilltt.
447 4255 528 4311 Proo.
546 4255 598 4310 411
609 4271 664 4326 sq.;
685 4253 863 4319 sehuthess,
882 4252 1085 4308 Vormundseh.
1100 4249 1152 4305 100
1169 4266 1196 4304 n.
1211 4250 1234 4303 l.

331 4344 362 4414 ¹⁰)
382 4345 446 4408 Seh.
466 4345 540 4416 lips.
561 4344 606 4400 Gr.
625 4343 681 4398 Alt.
701 4342 722 4410 1,
732 4341 793 4399 555.
