3292 5017
670 394 894 460 „49-

193 573 247 637 καλ
271 574 392 656 δίκην
422 573 671 656 λαγχάνειν,
703 571 809 638 servis
834 575 869 638 et
891 573 1001 658 pueris
1024 573 1228 657 potestatem
1251 572 1369 638 tribuit

194 679 230 743 in
254 678 364 744 causis
389 676 500 744 caedis
523 675 616 768 <τοῦ>
637 687 810 763 μαρτυρεῖν
833 682 886 745 καὶ
909 686 1108 763 συνηγορεῖν·
1131 699 1229 744 nemo
1253 683 1367 747 autem

194 805 262 851 non
297 785 466 869 cognoscit
501 785 554 852 hic
589 786 694 852 verba
723 788 777 851 καλ
812 789 903 871 δίκην
933 788 1098 870 λαγχάνειν
1132 784 1172 851 de
1203 784 1369 852 industria

193 892 423 978 praetermitt'.
476 890 526 957 Ac
557 893 662 958 servis
694 892 845 979 quidem,
881 892 1035 978 quamvis
1066 891 1201 978 petendi
1231 896 1369 958 careant

193 999 274 1082 iure,
299 1001 415 1065 tamen
439 998 582 1084 concedi,
610 1002 650 1066 ut
671 1008 860 1085 μηνυτοῦ
884 1004 988 1083 agant
1010 1003 1133 1085 partes,
1158 998 1303 1065 efficitur
1326 1020 1368 1065 ex

193 1105 248 1191 IX,
262 1105 327 1172 872
352 1105 376 1172 0
399 1108 434 1171 et
457 1105 511 1187 XI,
525 1106 591 1172 932
615 1106 652 1171 D.
703 1105 777 1186 Qua
806 1107 842 1171 in
869 1128 904 1173 re
927 1128 1061 1193 prorsus
1085 1127 1159 1172 cum
1182 1105 1367 1171 Athenien-

124 1284 128 1291 ,
193 1212 286 1278 sibus
318 1213 486 1298 conspirat
508 1212 606 1278 Plato
637 1233 706 1278 non
737 1213 848 1279 minus
880 1234 979 1299 quam
1005 1234 1054 1298 eo,
1086 1212 1174 1299 quod
1197 1213 1262 1279 881
1286 1210 1310 1277 0
1333 1213 1369 1277 et

195 1318 311 1384 9321)
343 1339 468 1404 servm,
503 1319 532 1384 si
561 1320 596 1385 in
628 1320 738 1385 causis
769 1319 968 1405 quibusdam
998 1341 1115 1386 verum
1137 1318 1366 1402 indicaverint,

192 1424 322 1512 publice
345 1425 440 1492 iubet
463 1426 704 1510 manumittiw)

283 1532 318 1598 Si
334 1533 408 1618 quis
425 1533 559 1598 omnino
576 1553 613 1598 se
629 1530 738 1599 doceri
754 1534 847 1619 cupit
863 1532 904 1599 de
919 1534 1082 1619 praemiis,
1099 1554 1185 1619 quae
1201 1532 1368 1598 delatores

193 1638 248 1704 vel
279 1642 409 1705 actores
439 1639 474 1704 in
504 1638 673 1705 nonnullis
706 1639 898 1706 criminibus
935 1662 977 1706 ex
1007 1640 1078 1706 iure
1108 1640 1221 1708 Attico
1251 1639 1368 1704 nancti

193 1746 272 1829 sint,
297 1766 373 1811 eum
398 1746 550 1829 delegare
573 1744 652 1813 licet
675 1745 718 1812 ad
742 1746 1020 1830 Ziebarthiumffl)
1044 1747 1100 1833 qui
1115 1746 1267 1812 Platonis
1284 1766 1367 1832 quo-

193 1873 257 1938 que
282 1852 323 1919 de
347 1853 411 1919 hac
434 1874 469 1919 re
491 1855 672 1940 praecepta
695 1854 872 1936 congessit.

280 1963 376 2027 Nunc
413 1964 668 2045 perscrutemur,
705 1963 873 2047 quatenus
908 1960 1072 2026 rationem
1106 1960 1263 2046 viamque
1298 1959 1368 2025 ntis

190 2067 325 2132 Atticae
349 2066 567 2152 philosophus
591 2071 712 2133 servet.
834 2099 839 2105 ·
969 2127 971 2135 ,

281 2175 330 2239 Ac
362 2174 504 2260 primum
535 2174 592 2261 qui
619 2194 716 2258 agere
742 2174 889 2255 volebat,
921 2172 1149 2240 adversarium
1171 2172 1240 2238 fere
1264 2173 1367 2239 citare

193 2278 347 2361 debebat,
371 2283 411 2346 ut
434 2282 526 2347 certa
541 2279 593 2346 die
609 2281 652 2346 ad
669 2283 914 2366 magistratum,
939 2280 997 2367 qui
1015 2279 1172 2347 iudicium
1189 2284 1366 2365 exerceret,

191 2386 331 2453 venirat.
383 2385 445 2452 Illa
471 2387 627 2453 invitatio
657 2389 918 2472 πρόσκλησις
948 2387 1003 2453 vel
1032 2390 1177 2472 κλῆσις
1207 2385 1367 2473 appellari

193 2492 324 2559 solebat
338 2494 462 2580 pariter
477 2498 579 2580 atque
599 2494 740 2560 verbum
756 2494 798 2560 de
822 2516 864 2561 ea
879 2496 1042 2561 usitatum
1064 2495 1366 2578 προσκαλεῖσθαι

191 2598 246 2665 vel
268 2603 465 2674 καλεῖςθαι
488 2605 577 2683 erat3
600 2602 692 2667 irrita
715 2604 830 2667 autem
855 2604 927 2667 erat
948 2603 1150 2686 πρόσκλησις,
1173 2601 1239 2666 nisi
1255 2621 1366 2666 coram

192 2708 336 2774 testibus
361 2710 581 2793 λκλητῆρσιν)
606 2748 650 2755 -
674 2707 804 2774 duobus
828 2708 962 2774 fere-
985 2708 1211 2791 factaeratm)
1247 2706 1367 2773 Omnia

191 2814 274 2881 baec
297 2815 437 2881 strictim
460 2816 647 2898 tanguntur
670 2813 746 2880 VIII
771 2814 836 2881 846
860 2814 920 2880 BC
944 2819 979 2881 et
1001 2815 1047 2879 IX
1070 2814 1135 2880 855
1158 2813 1193 2880 B.

280 2922 351 2987 Iam
388 2924 581 3006 πρασκλήσει
618 2921 764 3004 legitime
799 2921 958 2987 instituta
992 2925 1085 2987 actor
1118 2920 1366 2987 accusationem

190 3027 310 3095 litteris
327 3028 522 3095 mandatam
539 3028 752 3111 magistratui
768 3027 976 3112 tradebam
1000 3030 1058 3115 qui
1072 3027 1204 3094 libellus
1219 3026 1365 3112 plerum-

192 3156 256 3220 que
279 3137 401 3221 partim
423 3138 541 3220 λῆξις
563 3135 683 3220 partim
708 3136 846 3220 γραφὴ
870 3134 1117 3218 nominabatur,
1140 3137 1239 3220 prout
1262 3153 1367 3199 causa

191 3243 265 3307 erat
291 3242 424 3327 priuata
447 3245 508 3308 aut
530 3241 713 3328 publicae)
760 3243 810 3307 Ac
834 3239 874 3307 de
897 3243 983 3326 λήξει
1006 3238 1138 3326 quidem
1161 3239 1365 3305 mentionem

189 3348 285 3413 inicit
300 3346 395 3414 Plato
419 3348 574 3431 vimmo
590 3349 627 3432 B,
652 3348 721 3433 XII,
731 3347 797 3414 948
813 3348 852 3431 D,
870 3348 935 3414 949
953 3347 985 3413 0.
1019 3347 1123 3413 Locos
1138 3366 1216 3413 vero
1233 3345 1364 3428 afferre,

191 3454 313 3540 quibus
337 3456 445 3538 γραφὴ
471 3455 528 3521 illa
551 3457 839 3539 commemoratur,
864 3455 1009 3522 otiosum
1031 3452 1270 3519 videturesse.
1296 3453 1366 3520 Nec

190 3564 307 3627 tamen
337 3561 466 3645 mirum,
499 3561 528 3626 si
556 3560 725 3628 interdum
753 3562 856 3628 etiam
879 3562 913 3626 in
937 3560 1076 3649 privatis
1101 3560 1211 3627 causis
1233 3559 1365 3626 libellus

279 3794 311 3859 I⁰)
330 3793 395 3849 ibid.
408 3793 476 3858 751;
490 3792 582 3847 Herm.
596 3793 646 3849 iur.
660 3794 733 3850 dom.
748 3809 838 3864 comp.
851 3791 898 3859 17;
912 3792 1087 3864 Waszynski
1100 3792 1216 3847 Hermes
1228 3790 1264 3845 34
1276 3790 1364 3861 (18991

190 3897 217 3951 p.
229 3881 296 3948 5653
316 3881 382 3936 Bus.
396 3882 437 3937 St.
450 3899 477 3935 u.
491 3881 525 3938 R.
538 3881 571 3937 A.
586 3880 651 3948 190;
672 3881 742 3937 Gilb.
758 3881 904 3937 Staatsalt.
917 3881 937 3947 Ι,
949 3881 1008 3936 193.

279 3970 310 4041 ²¹)
329 3970 445 4025 Hermes
463 3970 499 4025 32
518 3970 605 4041 (1897)
625 3987 652 4041 p.
664 3971 718 4026 609
731 3987 768 4026 ss.

278 4060 310 4126 λ’)
329 4060 389 4116 Aa.
403 4060 483 4114 Proo·
497 4059 551 4115 770
569 4076 625 4131 sq.;
651 4059 722 4115 Gilb.
737 4060 883 4115 Staatsalt.
896 4060 915 4125 Ι,
925 4058 996 4125 457;
1022 4058 1114 4114 Herm.
1128 4058 1241 4112 Thums.
1256 4057 1364 4111 Steats·

189 4147 236 4201 alt.
250 4148 275 4201 11
289 4147 350 4203 570.

280 4238 311 4306 ²³)
330 4237 394 4293 ibid.

278 4326 310 4395 ²⁴)
330 4326 393 4381 Sch.
407 4326 483 4398 Lips.
498 4326 544 4382 Gr.
557 4327 614 4381 Alt.
627 4325 647 4391 1,
657 4325 725 4394 528;
744 4327 805 4382 Au.
819 4326 899 4382 Proo.
912 4326 965 4383 790
983 4344 1024 4398 sq.

243 4421 351 4468 Schulte.
1167 4411 1186 4465 4
