3292 5017
729 396 947 463 „56-

343 572 437 655 Quod
460 575 513 658 VI,
525 577 588 640 767
600 574 660 640 ΒΕ
685 574 796 641 causis
820 573 910 661 apud
933 573 1058 640 iudices
1081 574 1234 658 selectos,
1259 574 1425 660 numan

251 682 363 747 eausis
387 681 586 767 capitalibus
615 680 754 764 agendis
778 702 880 767 quam
911 680 1069 767 plurimes
1100 681 1191 747 eives
1214 680 1310 748 Plato
1335 682 1426 768 eupit

251 789 424 871 interesse,
460 789 602 854 Athenis
634 787 784 853 actiones
815 787 985 870 graviores
1017 786 1111 853 multi
1136 787 1424 871 auscultabant.⁵⁶)

341 894 462 961 Restat
485 899 524 961 ut
554 893 594 960 de
625 895 740 981 poenis
764 893 966 982 quibusdam
998 893 1176 960 damnatos
1199 895 1295 981 sequi
1319 893 1425 961 solitis

251 1001 408 1067 universe
443 1001 634 1068 disseratur.
681 1001 850 1068 Statuitur
884 1022 963 1067 vere
998 1000 1053 1085 IX,
1067 1000 1168 1067 855ss
1203 1004 1353 1085 “ἀτιμον
1387 1003 1426 1066 δὲ

165 1164 166 1167 ,
249 1111 464 1174 παντάπασι
485 1111 608 1193 μηδένα
624 1109 701 1173 εἶναι
719 1110 880 1194 μηδέποτε
903 1109 1082 1192 μηδ’ἐφ’ἓνὶ
1096 1115 1160 1173 τῶν
1177 1110 1425 1192 ἁμαρτημάτων,

250 1218 328 1300 μηδ’
352 1217 523 1299 ὑπερόριον
546 1218 696 1300 φυγάδα.

340 1321 433 1388 Haee
448 1322 553 1388 verba
569 1321 806 1407 Stallbaum,⁶⁶l
832 1343 874 1387 ne
891 1322 1082 1387 existimare
1098 1324 1235 1403 cogatur
1249 1321 1425 1387 Platonem

249 1432 356 1513 ἀτιμίᾳ
390 1428 509 1514 plenae
543 1428 672 1495 nullum
707 1427 887 1495 eeneedere
917 1427 1036 1510 lecum,
1070 1428 1190 1494 mirum
1223 1428 1258 1494 in
1290 1427 1425 1494 medum

248 1536 491 1621 interpretatur
514 1537 574 1602 sie:
606 1539 728 1620 ’ἄτιμος
751 1538 866 1602 autem
891 1535 986 1616 adeo,
1010 1540 1051 1601 ut
1073 1557 1095 1600 a
1118 1534 1268 1622 quolibet
1290 1536 1425 1621 impune

249 1641 355 1708 occidi
389 1642 503 1729 possit,
529 1694 536 1709 .
560 1693 566 1707 .
592 1694 598 1709 .
622 1663 720 1731 nemo
756 1645 839 1725 este,
875 1663 917 1708 ue
950 1642 979 1707 is
1014 1642 1157 1729 quidem,
1193 1642 1249 1727 qui
1286 1642 1425 1708 extorris

250 1750 414 1836 exsulque
449 1753 520 1816 est?
568 1750 690 1816 (lenset
723 1750 825 1832 igitur
858 1752 969 1833 ἄτιμον
999 1748 1055 1814 ille
1088 1748 1159 1815 loeo
1194 1749 1282 1815 idem
1313 1747 1425 1814 velere

153 1890 154 1895 ι
248 1855 340 1942 qued
364 1859 564 1942 ἀτιμώρητον
588 1878 627 1923 ae
650 1856 860 1922 referendum
884 1877 958 1922 esse
982 1854 1026 1921 ad
1054 1876 1140 1936 eum,
1172 1855 1238 1941 qui,
1271 1856 1299 1921 si
1321 1855 1425 1921 inter·

250 1962 394 2048 fimatur,
420 1985 441 2029 a
462 1962 592 2048 legibus
615 1963 742 2030 nullam
766 1966 967 2049 assequatur
989 1965 1150 2046 τιμωρίαν.

341 2072 388 2137 At
410 2092 479 2137 non
501 2093 567 2137 une
592 2074 788 2155 argumente
805 2069 1026 2136 demonstrari
1049 2070 1182 2136 videtur
1196 2089 1293 2156 pesse
1316 2067 1425 2155 phile-

251 2178 395 2263 sophum
425 2199 542 2264 reapse
573 2178 638 2243 illis
661 2177 772 2244 verbis
796 2180 920 2261 ἀτιμίαν
951 2198 1051 2263 quam
1075 2178 1198 2243 veeant
1227 2176 1424 2257 καάἀποξ55)

251 2285 381 2359 reicere.
1092 2343 1095 2348 ,
1168 2335 1173 2344 .

341 2391 559 2479 Inspiciamus
575 2393 726 2478 primum,
752 2412 838 2478 quae
862 2389 1080 2457 antecedunt:
1111 2390 1253 2458 Iubetur
1276 2390 1364 2455 enim
1384 2388 1423 2470 is,

251 2499 306 2563 eui
329 2498 372 2564 ab
395 2498 559 2564 iudicibus
583 2497 691 2564 multa
713 2498 905 2584 imponatur
927 2499 1041 2579 maior,
1073 2517 1175 2582 quam
1198 2499 1237 2562 ut
1260 2517 1303 2562 ex
1325 2495 1425 2562 rebus

252 2608 384 2691 praeter
405 2608 525 2690 κλῆρον
548 2605 675 2691 paratis
699 2626 774 2670 eam
806 2603 912 2691 possit
936 2602 1075 2686 solvere,
1104 2602 1170 2668 nisi
1192 2602 1332 2688 praedes
1357 2600 1423 2686 det,

252 2710 570 2796 afficiatur‘deepeoic
580 2738 613 2777 τε
624 2715 764 2796 χρονίοις
775 2713 829 2776 καὶ
841 2714 995 2795 ἐμφανέσι
1002 2713 1058 2775 καί
1064 2735 1122 2775 τισι
1129 2712 1424 2794 προπηλακισμοῖςῖ

251 2817 359 2884 Multa
390 2822 505 2884 autem
535 2817 593 2884 illa
623 2820 657 2884 in
692 2817 832 2905 publicis
857 2820 945 2884 eerte
976 2817 1086 2883 eausis
1120 2820 1180 2882 aut
1202 2818 1278 2882 teta
1300 2819 1361 2882 aut
1384 2836 1426 2880 ex

252 2927 348 3011 parte
372 2924 514 2991 debetur
535 2925 676 3010 fisee;⁵⁸)
709 2925 804 3012 atqui
827 2924 993 2991 debitores
1016 2924 1092 2989 fisci
1114 2923 1257 2989 Athenis
1281 2923 1424 3006 constat,

251 3031 358 3099 donee
389 3032 419 3098 ei
449 3031 698 3117 satisfacerent,
733 3031 834 3118 plena
868 3034 974 3116 ἀτιμίᾳ
1008 3051 1081 3096 esse
1112 3030 1296 3112 notatus.⁵⁰l
1344 3028 1425 3110 Quis

253 3159 329 3221 erge
346 3142 407 3222 est,
430 3139 511 3225 quin
535 3139 598 3205 sibi
613 3139 816 3225 persuaserit
832 3137 1065 3225 philosophum
1082 3133 1122 3202 de
1138 3134 1303 3202 industria
1314 3135 1425 3201 verbis

251 3248 425 3330 ‘dsepoic
448 3298 454 3312 .
479 3297 485 3311 .
510 3298 516 3312 .
541 3297 547 3312 .
571 3248 921 3331 προπηλακισμοῖέ
954 3264 1118 3330 oppenere
1147 3242 1251 3308 verba
1274 3245 1424 3325 ’ἄτιμον

253 3354 292 3417 δὲ
314 3356 574 3419 παντάπασι..
592 3405 598 3419 .
615 3357 643 3428 .’,
667 3359 706 3418 ut
722 3352 939 3418 disertissime
956 3353 1079 3433 ἀτιμίαν
1094 3348 1229 3435 plenam
1245 3347 1424 3415 excludat?

343 3458 454 3525 Simile
466 3460 591 3546 petitur
607 3463 841 3543 argumentum
854 3479 895 3524 ex
911 3456 1140 3523 additamento
1153 3459 1241 3541 ’μηδ’
1254 3458 1425 3540 ὑπερόριον

253 3567 402 3649 φυγάδα.
426 3565 476 3632 Ex
491 3566 562 3633 iure
578 3568 667 3632 enim
683 3566 794 3632 Attice
811 3586 887 3631 eum
903 3567 1066 3648 ἀειφυγίας
1081 3584 1190 3650 poena
1205 3562 1306 3649 plena
1320 3565 1424 3646 ἀτιμία

342 3798 372 3867 55)
392 3798 455 3852 ibid.
468 3797 504 3852 47
514 3814 567 3868 sq.;
587 3798 652 3853 Bus.
667 3799 708 3853 St.
721 3814 748 3852 u.
758 3798 791 3853 R.
801 3797 835 3851 A.
846 3796 911 3863 2783
931 3786 993 3851 Atti
1000 3796 1080 3851 Proe.
1093 3795 1157 3862 1833
1177 3794 1250 3864 lips
1261 3793 1319 3848 Att.
1333 3792 1425 3847 Reeht

253 3904 280 3943 u.
298 3886 472 3943 Rechtsveri.
486 3886 576 3951 1174.

342 3976 372 4046 55)
391 3994 418 4031 n.
432 3977 468 4031 ad
486 3976 512 4032 h.
526 3976 544 4033 l.
580 3977 669 4031 Huius
687 3977 739 4030 viri
757 3976 834 4031 deeti
854 3975 1023 4029 sententiam
1035 3974 1136 4045 prebat
1150 3971 1298 4039 Swoboda,
1318 3970 1423 4026 Ztsehr.

253 4065 278 4121 d.
300 4065 520 4136 δοτῆρα-811113.
539 4067 608 4121 rdm.
622 4065 715 4135 Abtlg.
735 4064 767 4120 N.
780 4064 811 4120 F.
824 4063 860 4118 26
880 4063 966 4133 (1905)
986 4080 1011 4134 p.
1027 4061 1085 4117 154.

342 4155 372 4224 57)
392 4154 541 4222 Rentzsuh,
564 4155 598 4208 de
617 4149 676 4225 δίκῃ
693 4148 803 4224 paudere.
820 4152 859 4209 ll.

342 4244 372 4314 55)
392 4245 451 4300 An.
464 4243 544 4300 Proe.
560 4243 622 4300 200.

341 4334 372 4404 ⁶⁹)
392 4332 524 4401 Rentseh‚
544 4334 578 4388 de
597 4328 656 4404 δίκῃ
673 4326 783 4403 ηττιάομ.
804 4332 837 4385 13
856 4347 882 4386 n.
897 4330 939 4384 12.
