3292 5017
687 414 905 481 ,39-

298 594 348 661 Ac
359 592 496 678 longum
509 596 561 660 est
572 592 695 659 multos
708 613 903 659 enumerare
914 592 1014 675 locoS,
1029 591 1149 678 quibus
1161 591 1202 658 de
1215 594 1384 677 δοκιμασίᾳ

209 703 446 768 commemorat
468 699 574 767 Plato
620 699 721 766 Patet
743 720 823 766 vero
847 720 890 766 ex
914 698 1015 765 7516
1038 698 1269 785 probationem
1291 698 1383 766 iilam

211 827 287 874 eum
307 806 435 890 fingere
450 806 674 894 pertinentem
691 805 732 872 ad
754 807 846 892 ipsos
862 805 1055 889 designatos
1071 825 1139 871 non
1155 805 1265 870 minus
1282 827 1382 891 quam

210 895 253 962 ad
277 916 390 963 eorum
413 895 683 962 familiam-omni
711 916 753 961 ex
780 898 877 981 parte
900 896 1029 981 patriae
1060 893 1277 977 magistratus
1307 915 1383 980 pro·

74 1093 77 1097 .
209 1002 312 1069 bandi
335 1004 472 1069 servata
494 1002 657 1084 retieret
696 1000 877 1067 Praeterea
900 1002 1049 1067 sancitur
1069 999 1245 1084 1765611),
1270 1002 1309 1066 ut
1323 1022 1383 1087 pro

208 1110 249 1176 iis
272 1110 329 1196 qui
352 1148 396 1157 -
420 1109 499 1176 sive·
516 1112 604 1176 sorte
628 1110 700 1175 sive
717 1108 885 1174 creatione
909 1107 1075 1191 designati
1092 1147 1134 1155 -
1153 1108 1188 1173 in
1213 1110 1383 1191 δοκιμασίᾳ

208 1216 397 1299 reiciantur,
415 1214 471 1282 alii
486 1214 712 1299 sufficiantur3
734 1215 835 1301 plane
854 1214 905 1281 ita
918 1214 1062 1281 Athenis
1077 1236 1131 1280 res
1147 1236 1184 1280 se
1199 1213 1383 1298 habetata

208 1322 286 1389 Jam
301 1323 330 1389 si
345 1324 487 1409 quaeris,
513 1321 715 1409 quibusnam
730 1320 827 1387 Plato
845 1320 1037 1404 designatos
1057 1320 1271 1387 examinandi
1286 1341 1382 1387 man·

210 1427 267 1496 det
289 1430 503 1516 potestatem,
528 1427 736 1515 quorundam
762 1430 851 1494 certe
874 1448 1050 1493 munerum
1074 1427 1266 1511 designatos
1289 1427 1385 1493 iubet

209 1538 398 1620 δοκιμασίαν
421 1556 579 1622 superare
609 1555 720 1600 coram
751 1534 792 1600 iis
814 1534 906 1621 ipsis,
939 1536 995 1619 qui
1018 1531 1094 1600 illos
1123 1534 1317 1616 ornaverint,
1349 1532 1384 1599 id

209 1640 299 1729 quod
320 1641 526 1725 intellegitur
549 1664 591 1708 ex
608 1640 711 1707 766Β
735 1644 770 1707 et
793 1641 857 1706 767
869 1640 908 1706 D.
942 1639 993 1706 Ex
1007 1638 1136 1723 legibus
1148 1640 1269 1706 Atticis
1285 1661 1383 1706 acce·

208 1748 318 1835 pimus
342 1769 458 1816 omnes
482 1752 563 1815 ante
586 1769 710 1814 munus
733 1748 855 1813 initum
878 1747 921 1813 ab
945 1745 1096 1813 heliastis
1120 1767 1193 1813 esse
1216 1747 1384 1834 probatos

209 1855 274 1921 nisi
297 1853 386 1941 quod
409 1857 584 1921 senatores
608 1876 717 1922 coram
743 1856 866 1920 senatu
893 1853 1071 1940 superioris
1095 1853 1175 1920 anni
1199 1875 1239 1920 ac
1261 1875 1384 1921 novem

209 1961 387 2029 archontes
411 1982 523 2029 eoram
547 1964 669 2028 senatu
696 1964 730 2028 et
756 1960 908 2026 helisetis
937 1963 1125 2044 δοκιμασίαν
1147 1960 1258 2026 subire
1282 1959 1383 2027 debe·

210 2069 325 2152 hanff)

238 2171 243 2186 '
297 2174 364 2241 Vix
388 2174 570 2262 quidquam
586 2173 704 2241 deinde
729 2194 903 2241 commune
923 2176 976 2239 est
991 2172 1160 2260 euthyniS,
1185 2194 1267 2259 quos
1283 2173 1385 2257 fingit

208 2281 425 2369 philosophus
450 2280 646 2367 1111194671
663 2287 726 2365 ss),
751 2302 828 2347 curn
849 2279 988 2365 legistis²
1013 2281 1194 2368 synagoris,
1224 2280 1383 2367 enthynis

209 2388 513 2474 Atheniensium.1⁰)
567 2388 737 2455 Diiierunt
759 2409 840 2454 vero
870 2426 916 2436 —
946 2389 1075 2453 utnon
1106 2386 1213 2454 dicam
1238 2388 1278 2453 de
1302 2408 1383 2455 auc-

208 2496 345 2562 toritate
368 2498 429 2561 aut
452 2495 629 2579 gravitate,
654 2495 792 2581 quaein
806 2494 933 2578 Legum
950 2515 1048 2581 opere
1068 2493 1109 2560 iis
1129 2493 1323 2561 attribuitur
1337 2533 1384 2542 —

208 2586 359 2668 Platonis
383 2602 526 2690 euthyni
549 2602 592 2668 ab
609 2601 865 2669 Atheniensium
888 2600 953 2667 illis
969 2601 1221 2685 magistratibus
1236 2602 1381 2668 maxime

210 2730 259 2792 eo,
285 2709 373 2794 qnod
397 2709 525 2796 copiam
542 2709 645 2774 etiam
667 2708 836 2775 iudicandi
859 2730 917 2775 eos
932 2708 1056 2775 hahere
1079 2706 1185 2795 liquet
1208 2730 1250 2775 ex
1266 2707 1389 2791 9461),

208 2815 258 2881 ita
280 2817 404 2897 tamen,
427 2817 467 2881 ut
489 2813 533 2881 ad
555 2815 681 2881 iudices
705 2817 870 2888 ἐκλεκτοὺς
892 2836 1014 2882 vocare
1036 2814 1111 2881 illos
1133 2815 1233 2882 liceat
1256 2816 1296 2898 ei,
1324 2816 1382 2901 qui

208 2923 415 3008 praetorius
439 2921 643 2987 sententiam
667 2920 866 2988 sustulisse
890 2921 1069 2989 existimet.
1104 2921 1258 2988 Ceterum
1272 2921 1383 3008 phito-

209 3030 351 3116 sophum
373 3029 502 3115 patriae
525 3029 726 3094 retinentem
749 3026 857 3111 legem
887 3030 1085 3115 praecipere,
1114 3029 1210 3094 utin
1233 3030 1383 3101 σιἰδύνσις

208 3136 425 3222 pecuniarum
449 3155 581 3222 quoque
596 3137 681 3201 ratio
698 3138 870 3221 repetatur
886 3134 928 3200 ab
944 3135 995 3215 iis,
1020 3134 1078 3219 qui
1096 3134 1248 3220 publicas
1264 3138 1382 3200 curent

208 3241 377 3327 pecunias,
402 3241 512 3308 elucet
535 3262 577 3308 ex
594 3242 658 3306 774
670 3240 707 3324 Β,
732 3240 799 3324 ubi,
824 3242 853 3307 si
872 3241 947 3327 quis
961 3243 1075 3325 τομίας
1089 3249 1145 3324 τῆς
1159 3242 1239 3306 beot
1255 3244 1382 3307 certam

209 3346 351 3413 multam
363 3347 494 3430 exigere
506 3347 699 3432 neglexerit,
717 3347 851 3414 iubetur
865 3351 910 3414 ‘bv
920 3354 987 3420 ταῖς
1002 3349 1152 3419 οδδιίναις
1165 3354 1222 3412 τοῦ
1236 3349 1382 3414 ιοιοιίτοο

208 3456 304 3538 λόγον
319 3456 454 3538 anexeo?
462 3455 499 3536 11)
713 3526 716 3531 ,

298 3559 384 3627 Hinc
399 3562 572 3626 vertentes
588 3559 631 3627 ad
647 3559 796 3644 singulos
806 3558 1034 3648 inspiciendos
1049 3559 1193 3627 honores
1209 3581 1382 3627 servemus

298 3809 316 3881 ⁷)
335 3809 413 3866 Paul.
426 3810 510 3865 Wiss.
524 3809 561 3863 V¹
582 3809 665 3881 12693
690 3810 750 3864 Att.
764 3810 844 3865 Proc.
858 3808 912 3864 236
925 3825 976 3876 ss.;
1000 3808 1093 3866 Herm.
1107 3809 1220 3866 Thums.
1235 3809 1380 3866 Staatsalt.

208 3898 240 3964 Π,
250 3897 317 3965 606;
337 3899 402 3956 Sch.
414 3899 488 3969 Lips.
503 3898 548 3954 Gr.
562 3898 618 3955 Alt.
631 3899 650 3965 Ι,
660 3898 714 3953 436
727 3916 763 3955 ss.

298 3989 316 4058 ⁸)
334 3987 398 4044 ibid.
413 3988 432 4053 1,
442 3987 511 4055 4333
530 3988 622 4043 Herm.
642 3988 677 4042 de
695 3987 822 4058 vestigiis
839 3987 873 4042 41
893 4004 920 4042 n.
935 3986 994 4043 158.

297 4077 316 4148 ⁰)
336 4077 364 4133 C.
379 4076 520 4143 Schaefer‚
529 4076 562 4133 N.
576 4076 671 4132 Jahrb.
683 4077 703 4133 f.
718 4077 819 4133 Philol.
834 4076 885 4132 117
898 4076 984 4146 (latet
997 4093 1024 4148 p.
1034 4076 1101 4142 8283
1121 4078 1237 4132 Aristot.
1246 4074 1306 4130 ’Aa
1319 4071 1380 4129 πολ,

207 4163 279 4231 463
297 4168 327 4220 et
345 4166 392 4232 55;
412 4166 583 4222 Paul.Wiss.
597 4166 638 4220 V¹
658 4164 734 4222 1270.
975 4163 982 4178 “

298 4254 327 4324 ²⁰)
347 4254 382 4311 cf.
402 4254 475 4325 hips.
489 4255 549 4311 Att.
561 4253 654 4309 Recht
672 4272 698 4311 u.
711 4254 887 4310 Rechtsverf.
901 4252 1030 4319 1,101ss.

298 4342 327 4412 ¹¹)
346 4343 438 4400 Herm.
452 4344 487 4398 de
496 4344 622 4415 vestigiis
640 4342 675 4399 85
687 4360 713 4399 n.
729 4343 788 4399 135.
