3292 5017
664 414 889 478 „17-

189 613 210 658 a
232 594 386 676 παλλακῇ.
432 592 560 675 sapas
585 595 700 657 autem
722 592 801 675 γυνὴ
836 594 889 656 est
911 588 1030 656 mulier
1052 588 1158 656 libera
1181 588 1364 676 eademque

189 698 271 764 civis
302 699 364 763 rite
396 718 436 763 ac
466 697 612 781 legitime
641 697 705 763 civi
729 697 828 763 alicui
851 696 885 763 in
910 697 1157 762 matrimonium
1180 697 1269 762 data
1315 696 1364 762 De

66 807 67 810 ’
188 807 346 888 παλλακίᾳ
368 804 457 870 inter
479 804 568 870 viros
591 804 706 870 doctos
730 824 855 887 magna
878 806 931 869 est
954 802 1189 871 controversia.

279 911 471 976 Buermann
477 912 514 993 ¹1)
532 910 664 996 quidem
678 910 822 977 Athenis
838 910 971 976 licuisse
984 909 1212 976 demonstrare
1225 913 1366 976 conatur

190 1018 254 1084 civi
277 1019 409 1103 praeter
432 1017 581 1101 coniugis
604 1016 774 1099 legitimae
797 1056 843 1066 -
864 1019 1028 1101 παλλακῆς
1052 1017 1190 1101 eiusque
1213 1016 1295 1082 civis
1314 1016 1365 1082 uti

191 1122 430 1190 consuetudine
462 1145 502 1189 ae
533 1122 573 1189 de
605 1145 646 1190 ea
675 1123 797 1189 liberos
828 1144 999 1209 procreare
1030 1124 1203 1206 ingenuos
1256 1122 1363 1204 Hunc,

191 1229 324 1316 qualem
352 1229 453 1314 fingit
483 1231 684 1313 Buermann,
718 1230 980 1296 concubinatum
1007 1229 1150 1296 Athenis
1180 1228 1365 1312 legitimum

189 1336 291 1403 luisse
314 1337 603 1422 Zimmermannffl)
628 1339 744 1420 negat;
767 1358 808 1403 ac
830 1340 920 1403 reete
943 1336 1025 1402 mihi
1047 1337 1181 1423 quidem
1204 1336 1366 1423 suspicari

188 1428 321 1510 videtur
342 1443 574 1527 0.Mueller1³)
599 1443 663 1510 civi
680 1443 791 1509 Attico
814 1444 1023 1529 peregrinam
1045 1446 1180 1510 tantum
1202 1445 1366 1528 παλλακῆς

188 1550 259 1617 loco
272 1550 396 1617 habere
408 1550 551 1633 licuisse,
568 1550 784 1616 interdictum
795 1570 875 1616 vero
888 1548 1004 1632 fuisse,
1020 1570 1063 1615 ne
1077 1548 1194 1615 eodem
1204 1553 1364 1637 tempore,

189 1678 254 1743 quo
286 1678 424 1724 uxorem
453 1658 579 1723 iustam
609 1656 760 1739 haberet,
791 1659 955 1741 παλλακῆς
984 1656 1152 1722 frueretur
1178 1656 1365 1724 concubitu.

154 1846 155 1850 Ἰ
280 1764 443 1852 Quoniam
467 1765 524 1850 qui
548 1785 623 1830 cum
646 1763 772 1851 paelice
789 1763 987 1845 concumbit,
1011 1763 1182 1849 sponsalia
1198 1766 1233 1829 et
1248 1764 1365 1830 matri-

189 1870 292 1936 monii
314 1870 451 1937 ineundi
475 1871 692 1937 caerimonias
712 1869 870 1954 neglegit,
894 1892 955 1936 suo
978 1871 1050 1936 iure
1074 1891 1150 1935 eum
1165 1868 1262 1936 Plato
1286 1869 1366 1937 dicit

189 1980 342 2044 ‘ddum
373 1981 536 2062 σπέρματα
567 1981 723 2062 σπείρειν’.
769 1977 815 2043 Ut
846 1975 964 2043 deindo
993 1998 1035 2043 ex
1057 1975 1246 2064 philosophi
1267 1998 1365 2064 prae-

190 2085 302 2170 ceptis
338 2087 388 2151 ita
420 2084 564 2150 Athenis
598 2083 693 2151 liberi
727 2105 802 2150 oum
836 2086 983 2169 παλλακῇ
1017 2084 1122 2167 geniti
1156 2084 1200 2150 ab
1229 2083 1365 2151 Euclide

189 2190 349 2258 archonte
372 2193 466 2257 νόθοι
490 2193 634 2282 erant²⁴l

278 2297 400 2363 Restat
431 2300 470 2363 nt
499 2317 604 2363 unum
628 2296 773 2364 addatur
796 2296 837 2363 de
861 2297 1065 2364 matrimonii
1087 2298 1229 2363 termino
1253 2298 1366 2364 mariti

190 2407 295 2470 morte
320 2402 451 2470 effecto.
477 2442 516 2452 —
541 2403 656 2490 Neque
682 2406 769 2470 enim
787 2404 940 2471 Platonis
964 2403 1004 2469 de
1029 2403 1169 2471 divortio
1185 2408 1365 2492 praecepta

190 2508 254 2595 (XI,
265 2509 369 2575 omn
385 2516 438 2594 ss.)
462 2509 530 2577 ullo
554 2511 652 2577 modo
677 2527 753 2577 cum
775 2509 906 2595 legibus
928 2510 1185 2578 Atheniensium
1208 2509 1366 2578 videntur

189 2637 379 2701 congruere,
404 2616 493 2704 apud
517 2639 601 2703 quos
624 2638 683 2704 per
706 2621 895 2703 ἀπόπεμψιν
917 2618 1029 2685 mariti
1044 2616 1100 2684 vel
1115 2618 1264 2701 coniugis
1281 2620 1365 2683 ἀπό-

59 2759 69 2790 »
187 2726 289 2807 λειψιν
314 2724 457 2791 conubia
480 2723 593 2790 soluta
616 2746 690 2791 esse
714 2727 897 2809 constater)
923 2764 963 2773 -
990 2724 1084 2805 Quod
1108 2725 1184 2807 (930
1197 2724 1230 2807 Ol
1254 2724 1365 2811 philo-

189 2830 316 2917 sophus
345 2831 440 2897 iubet
471 2831 647 2914 coniugem
674 2832 745 2897 viro
768 2834 901 2897 mortuo
925 2829 1014 2918 apud
1037 2831 1159 2898 liberos
1182 2851 1364 2915 remanere,

188 2936 252 3005 hoe
276 2958 352 3003 cum
374 2935 504 3021 legibus
528 2937 650 3003 Atticis
674 2939 842 3020 convenit,
868 2937 1008 3021 sedita,
1033 2943 1073 3004 ut
1094 2938 1238 3004 Athenis
1262 2937 1365 3006 etiam

70 3063 74 3068 ·
102 3077 104 3080 ·
190 3043 316 3110 licuerit
346 3043 470 3110 viduae
494 3044 607 3110 dotem
630 3064 745 3109 secum
769 3042 934 3110 adserenti
957 3045 993 3110 in
1015 3065 1153 3111 manum
1176 3047 1289 3128 nepteo
1313 3044 1366 3109 sui

189 3149 341 3235 redirem)

279 3383 309 3445 ²1)
329 3382 428 3438 Jahrb.
446 3381 467 3436 l.
486 3382 524 3436 kl.
543 3381 614 3440 Phil.
634 3382 760 3453 Suppl.9
779 3381 871 3453 (1877)
891 3399 918 3454 p.
930 3380 1081 3438 aee-597.

279 3471 310 3541 ²¹)
329 3471 372 3526 De
399 3470 552 3526 nothorum
579 3471 700 3526 Athenis
729 3470 895 3526 condicione
921 3471 965 3526 26.
1009 3471 1082 3525 Item
1108 3470 1254 3526 Beanchet
1282 3470 1367 3540 (droit

189 3558 268 3631 priva
286 3560 307 3626 1,
319 3559 379 3630 too)
401 3560 573 3615 Buermanni
591 3559 735 3615 sententia
753 3559 883 3615 refutata
901 3560 937 3615 ab
955 3560 1015 3614 iure
1032 3559 1129 3614 Attico
1148 3560 1367 3614 concubinatum

190 3647 267 3702 illum
284 3649 442 3720 legitimum
461 3649 589 3719 abrogat.

281 3738 310 3807 1³)
329 3738 427 3793 Jahrb.
447 3737 468 3793 s.
487 3737 523 3792 kl.
543 3738 615 3793 Phil.
635 3738 731 3809 Suppl.
744 3736 780 3792 25
799 3736 890 3808 (1899)
909 3753 937 3807 p.
949 3737 1004 3792 720
1022 3739 1051 3792 et
1069 3735 1124 3791 730
1132 3753 1174 3809 sq.

281 3826 310 3895 ¹⁴)
330 3826 361 3882 0.
379 3827 496 3882 Mueller
513 3826 531 3881 l.
552 3844 575 3883 c.
595 3843 621 3898 p.
634 3823 695 3883 731.

280 3916 311 3982 ¹⁶)
331 3915 411 3971 Paul.
423 3915 509 3971 Wiss.
522 3916 575 3982 Vl,
585 3915 669 3982 2012;
688 3916 750 3971 Att.
769 3916 848 3971 Proc.
867 3913 1018 3971 510-513.

274 4001 304 4071 ¹⁰)
323 4004 389 4061 ihid.
398 4002 463 4071 5203
477 4004 559 4070 Hillo,
574 4005 609 4060 de
618 4004 799 4059 testamentis
811 4004 859 4070 403
873 4003 1028 4069 Beauchet,
1043 4003 1118 4058 droit
1127 4003 1205 4074 privd
1217 4002 1238 4068 1,
1245 4001 1298 4057 312
1307 4017 1366 4072 sq.;

190 4092 281 4147 Herm.
301 4092 402 4149 Thelh.
421 4093 455 4148 R.
474 4094 507 4148 A.
527 4094 597 4163 9sq.
618 4096 647 4147 et
665 4093 707 4149 78.
