3292 5017
735 410 957 477 ,14-

346 591 514 675 Εῑσφορᾶς
551 590 648 658 Plato
688 589 767 674 (XH,
788 588 941 672 9551111)
981 588 1047 655 duo
1086 609 1210 673 genera
1247 588 1431 672 distinguit,

249 701 358 784 'prout
387 718 466 785 pars
496 701 557 764 aut
587 701 655 763 ‘cod
684 699 861 782 τιμήματος
892 698 979 762 ὅλοο’
1011 698 1072 762 aut
1098 699 1165 781 ‘tric
1188 692 1361 780 γενομένης
1383 697 1432 760 ἐπ’

250 806 401 871 ’ἐνιαυτὸν
423 807 569 871 ἑκάστοτε
591 806 768 888 προσόὸοο’
793 803 955 887 exigatur.
1001 801 1121 869 Utrum
1144 823 1223 869 vero
1255 822 1361 886 genus
1386 802 1434 868 rei

248 910 410 998 *publicae
435 909 661 977 adhibendum
684 910 738 989 sit,
762 930 831 976 non
854 909 1024 996 praecipit,
1051 909 1151 976 immo
1173 909 1240 996 ipsi
1261 908 1432 995 permittit,

259 1020 298 1084 ut
332 1016 514 1103 quotannis
549 1019 692 1101 statuat,
729 1037 771 1082 ex
813 1036 961 1082 censune
998 1014 1163 1081 tributum
1200 1016 1236 1081 in
1270 1016 1435 1081 aerarium

153 1126 174 1161 ²
254 1123 496 1190 conferendum
526 1124 571 1190 sit
602 1144 646 1189 an
677 1144 720 1190 ex
742 1121 853 1189 reditu
876 1142 999 1188 annuo.
1021 1161 1067 1170 —
1088 1121 1232 1188 Athenis
1256 1121 1436 1205 vectigalia

258 1251 328 1297 non
362 1229 584 1313 exigebantur
617 1229 683 1295 nisi
717 1230 807 1296 certa
841 1231 982 1312 urgente
1012 1228 1263 1311 necessitates)
1317 1227 1435 1308 Quoad

260 1339 376 1404 autem
399 1338 560 1423 quattuor
581 1334 659 1402 iliae
675 1334 800 1402 classes
816 1336 1028 1417 exstiterunt,
1058 1356 1101 1401 ex
1123 1333 1241 1400 iisdem
1265 1334 1436 1401 aestimari

251 1442 401 1526 solebat,
427 1445 592 1529 quantum
615 1442 756 1530 quisque
779 1441 928 1509 conferre
951 1441 1135 1526 deboram)
1173 1441 1296 1509 Postea
1310 1439 1436 1507 Nausi-

260 1549 335 1616 nico
375 1549 534 1616 archonte
573 1570 699 1633 omnes,
739 1549 1005 1636 quibuscumque
1043 1547 1223 1633 vectigalia
1259 1545 1436 1634 pendenda

253 1657 427 1742 arentin
450 1661 631 1741 συμμορίας
654 1655 753 1723 divisi
775 1657 866 1739 sunt,
890 1676 1032 1743 quarum
1055 1654 1206 1739 singulae
1221 1656 1351 1741 partem
1366 1653 1435 1719 iere

261 1784 376 1851 parem
389 1763 538 1830 omnium
549 1763 697 1829 civitatis
709 1784 819 1829 rerum
831 1761 1141 1849 complectebantur
1154 1762 1214 1843 ita,
1231 1765 1270 1828 ut
1285 1765 1437 1847 εἰσφορᾶς

255 1891 395 1957 quoque
419 1872 549 1956 partem
564 1872 776 1956 praestarent
791 1868 1017 1955 aequamen
1056 1868 1116 1935 Oui
1131 1871 1308 1956 praecepto
1324 1867 1436 1935 nescio

253 1976 427 2064 quomodo
451 1975 603 2043 Platonis
627 1977 785 2043 convenit
806 1980 1022 2063 praeceptum
1045 1975 1096 2061 Ν,
1111 1974 1222 2059 7451))
1244 1975 1436 2058 sancientis,

261 2086 302 2150 ut
336 2104 452 2150 omnes
486 2104 539 2150 res
572 2084 776 2170 perscriptae
809 2084 845 2149 in
880 2081 1054 2162 duodecim
1089 2086 1201 2169 partes
1232 2102 1334 2169 quam
1364 2081 1437 2147 fieri

253 2192 369 2279 possit
391 2191 536 2257 maxime
558 2211 656 2277 pares
680 2190 881 2256 dividantur.

351 2296 422 2364 Nec
444 2318 523 2363 vero
547 2297 645 2374 modo
669 2298 855 2381 ‘meingaudo
877 2299 1051 2382 εἰσφοράς’,
1076 2294 1262 2363 sedetiam
1288 2297 1437 2378 ‘introvo-

256 2407 334 2488 yioc
356 2407 564 2488 capidociae
587 2408 755 2489 amoveri?
780 2403 911 2470 civibus
934 2403 1156 2490 praestandas
1172 2402 1314 2490 imponit
1328 2401 1438 2489 philo-

254 2510 389 2597 sophus
413 2510 493 2596 (XII,
506 2512 571 2576 949
581 2510 630 2594 Β),
655 2511 782 2598 patriae
806 2510 899 2577 haud
922 2509 1021 2576 dubie
1043 2508 1136 2593 leges
1159 2511 1344 2592 secutusssi

355 2617 450 2699 Quod
474 2617 617 2703 denique
641 2617 732 2683 cives
755 2618 790 2682 in
813 2616 931 2699 tribue,
965 2616 1085 2702 curias,
1116 2637 1221 2703 pagos
1245 2614 1439 2699 digeruntur

256 2723 420 2807 4745ΒΕ,
446 2725 510 2790 746
519 2723 568 2807 D),
601 2726 635 2790 et
664 2723 799 2791 Atticae
830 2726 866 2789 et
896 2723 1038 2790 aliarum
1069 2723 1229 2791 Graeciae
1263 2722 1439 2789 civitatum

255 2830 510 2918 discriptionem
533 2831 668 2897 retineri
691 2850 760 2896 non
783 2834 860 2913 eget
883 2831 1126 2897 observatione.

790 3061 867 3149 Gap.
883 3063 920 3128 Π.

459 3191 510 3271 De
539 3189 775 3271 matrimonio
804 3191 846 3271 ei
874 3188 1067 3270 amoribus
1097 3185 1250 3267 illicitis.

354 3350 408 3435 VI,
418 3350 521 3415 iili]
544 3348 632 3419 dicit,
645 3348 756 3416 Plato:

355 3458 448 3540 ‘apoc
460 3457 520 3540 γὰρ
533 3458 573 3541 δὴ
586 3457 643 3541 τὴν
653 3462 718 3521 τῶν
730 3459 846 3540 γάμων
856 3456 1026 3521 κοινωνίαν
1037 3455 1090 3519 καὶ
1100 3455 1250 3538 σύμμιξιν
1258 3455 1440 3536 ἀναγκαίως

265 3565 330 3646 ἔχει
358 3564 415 3646 τὴν
444 3566 573 3646 ἄγνοιαν
605 3565 746 3647 ἐξαιρεῖν,
776 3565 853 3645 παρ’
878 3561 926 3627 ὧν
948 3564 981 3626 τέ
1003 3587 1047 3634 τις
1069 3564 1175 3645 ἄγεται
1197 3563 1252 3626 καὶ
1273 3564 1295 3625 ἃ
1317 3561 1371 3624 καὶ
1394 3560 1441 3631 οἷς

267 3670 452 3735 ἒκὸἱόαισιν.’

358 3901 387 3968 15)
408 3899 473 3956 Sch.
492 3900 567 3970 Lips.
588 3901 634 3955 Gr.
653 3900 710 3955 Alt.
730 3900 750 3964 1,
761 3897 815 3953 494
824 3915 866 3970 sq.

358 3990 388 4058 ¹⁶)
408 3989 479 4044 Gilb.
507 3988 655 4043 Staatsalt.
675 3987 772 4054 1‚408;
803 3988 896 4042 Herm.
915 3985 1207 4043 Thums.-Staatsalt.
1231 3987 1265 4052 11,
1277 3987 1344 4053 6993
1375 3986 1441 4040 Bus.

269 4077 311 4132 sn
330 4076 583 4236 liuf'tpkgsssffaeiss·
602 4165 794 4239 v²‚2150sq.;
823 4166 895 4222 Gilb.
915 4165 1064 4221 StaatsaIt
1084 4166 1104 4230 1,
1114 4164 1184 4231 413ς
1212 4164 1306 4220 Herm.
1324 4163 1441 4218 Thums.

261 4254 420 4312 -Staatsalt
439 4257 473 4320 11,
483 4256 537 4311 752
547 4272 602 4327 sq.;
622 4255 687 4313 Sch.
706 4256 781 4327 Lips.
800 4256 846 4310 Gr.
865 4255 922 4338 Ait
940 4254 960 4320 1,
970 4255 1032 4311 498.

359 4348 389 4416 18)
409 4345 475 4404 ibid.
495 4344 625 4413 1‚500ss.
