3292 5017
730 389 952 454 ..74-

344 564 379 631 Si
410 565 484 652 quis
515 585 633 631 servus
663 586 700 630 se
732 563 950 649 subduxerat,
982 564 1125 631 Athenis
1148 564 1272 630 licebat
1294 562 1433 631 domino

255 692 333 738 eum
355 671 556 758 ubicumque
580 670 824 757 deprehensum
839 672 876 737 in
891 671 1088 738 servitutem
1103 669 1268 752 reducere,
1291 670 1325 736 id
1340 669 1429 758 quod

254 777 434 862 significari
465 777 597 844 solebat
619 798 677 864 per
699 778 829 861 ἀγωγὴ
853 777 909 844 vel
931 780 1035 860 ἄγειν
1059 775 1130 866 (εἰς
1153 775 1433 866 ὃαυλείαν>·““)»

253 884 320 951 huc
336 888 469 972 spectat
482 884 538 967 XI,
548 883 661 950 91413:
686 887 799 968 ’ἀγέρω
815 885 871 950 τὸν
886 888 1000 950 ἑαυτοῦ
1017 886 1132 950 δοῦλον
1144 887 1163 949 ὁ
1174 887 1433 968 βαυλόμενας...’

253 991 357 1059 Recte
387 994 562 1078 praeterea
588 990 818 1075 Hermannffl)
842 991 994 1058 Platonis
1023 991 1136 1057 verbis
1165 993 1279 1074 ‘dye‘rco
1311 994 1346 1057 ἀὲ
1375 993 1435 1056 καὶ.

254 1101 334 1182 dudo
358 1100 455 1164 ἄλλον
477 1106 542 1164 τῶν
565 1102 692 1164 οἰκείων
714 1103 734 1183 ἢ
758 1100 862 1182 φίλων
879 1099 935 1163 τὸν
950 1100 1126 1182 ἀφεστῶτα
1151 1096 1282 1165 collatis
1296 1102 1431 1184 praeter

254 1204 425 1272 dominum
450 1206 553 1272 etiam
576 1205 659 1271 alios
683 1226 819 1271 servum
843 1208 928 1289 ἄγειν
951 1204 1101 1290 potuisse
1125 1204 1314 1271 arbitratur.

343 1312 514 1379 Interdum
537 1316 653 1379 tamen
676 1311 796 1398 aliquis
813 1333 900 1395 eum,
925 1312 1044 1398 quiite
1060 1311 1254 1394 ducebatur,
1278 1314 1313 1378 in
1328 1311 1429 1378 liber-

254 1422 361 1485 tatem
392 1405 595 1503 vindicabat,
629 1440 714 1506 quae
739 1421 938 1504 ἀφαίρεσις
961 1422 1022 1484 aut
1044 1418 1190 1500 legitime
1214 1421 1275 1485 aut
1297 1422 1436 1505 praeter·

254 1527 308 1593 ius
330 1525 585 1609 instituebatur,
616 1546 656 1591 ac
679 1525 828 1609 legitima
851 1524 985 1611 quidem
1008 1529 1171 1609 ἀφαίρεσις
1194 1527 1267 1591 erat
1290 1528 1373 1608 tum,
1401 1526 1432 1594 si

254 1632 308 1698 ille
332 1631 423 1718 apud
438 1631 686 1718 polemarchum
710 1636 778 1699 tres
789 1631 934 1718 'praedes
951 1633 1056 1698 dabat
1078 1631 1118 1698 de
1136 1632 1257 1698 damno
1274 1654 1317 1697 ex
1333 1634 1435 1717 duaa

255 1743 338 1824 ρέσει
350 1743 423 1806 orto
437 1742 607 1821 caventes,
624 1739 677 1804 sin
689 1740 808 1822 minus,
825 1740 949 1805 iniuste
961 1741 1119 1823 ἀγόμενος
1129 1737 1428 1822 vindicabatur.¹⁶²)

255 1845 394 1912 Prorsus
424 1846 495 1912 lere
526 1847 573 1911 sic
603 1846 726 1911 statuit
748 1845 859 1912 Plato:
890 1847 957 1911 ’ἐὰν
982 1848 1018 1911 ἀί
1038 1872 1084 1918 τις
1106 1849 1278 1930 ἀφαιρῆταί
1296 1871 1364 1911 τινα
1386 1849 1437 1918 εἰς

255 1955 437 2036 ἐλευθερίαν
461 1954 508 2024 ὡς
531 1954 647 2018 δοῦλον
671 1955 837 2037 ἀγόμενον,
860 1955 999 2037 μεθιέτω
1013 1955 1074 2037 μὲν
1090 1955 1109 2017 ὁ
1124 1955 1222 2036 ἄγων,
1246 1954 1316 2017 ὅδὲ
1332 1955 1428 2036 ἇφαι·

255 2061 414 2143 ραύμενας
436 2061 620 2143 ἐγγυητὰς
642 2068 742 2143 τρεῖς
766 2062 980 2144 ἀξιόχρεως
1002 2063 1199 2144 καταστήσας
1215 2062 1319 2132 οὕτως
1333 2063 1434 2143 ἆραι.

256 2169 376 2250 corbelto
406 2167 486 2231 κατὰ
516 2174 623 2241 ταῦτα,
654 2167 759 2238 ἄλλως
791 2168 826 2231 δὲ
855 2168 982 2250 μή.’1“)
1027 2166 1098 2232 Iam
1128 2187 1207 2232 vero
1231 2167 1259 2231 si
1282 2169 1372 2249 ἄγων
1394 2168 1431 2233 in

256 2275 419 2358 ἀφαιρέσει
441 2271 592 2355 legitima
614 2272 860 2359 acquiescebat,
884 2294 938 2338 res
961 2280 1034 2339 crat
1049 2273 1241 2360 composita,
1264 2273 1330 2338 nisi
1344 2273 1434 2339 forte

255 2380 326 2465 ipse
351 2380 508 2463 ἀγόμενος
531 2380 584 2444 vel
608 2382 846 2465 ἀφαιρούμενος
865 2384 999 2466 propter
1013 2380 1174 2446 iniustam
1191 2381 1321 2464 ἀγωγὴν
1336 2378 1429 2445 illum

133 2506 136 2513 ’
255 2485 419 2572 petebant
448 2489 575 2570 ὕβρεως
606 2489 668 2551 aut
696 2488 874 2572 βιαίων.1“)
921 2485 1074 2573 Alioquin
1108 2489 1198 2572 δίκην
1229 2490 1437 2570 ἀφαιρέσεως-

256 2596 346 2676 ἄγιαν
368 2591 567 2658 intendebat
590 2595 830 2677 ἀφαιρουμένῳ.
870 2593 932 2673 Qui
955 2615 1033 2659 vero
1056 2594 1256 2679 praetorius
1272 2594 1438 2677 ἀγόμενον·

256 2700 291 2765 in
322 2699 511 2766 libertatem
543 2702 742 2781 asseruerat,
773 2703 946 2785 βιαίωνωῦ)
970 2702 1102 2786 poterat
1125 2700 1258 2784 arcessi,
1291 2720 1430 2786 quorum

257 2806 431 2872 convictus
465 2806 500 2872 in
535 2805 671 2893 duplum
706 2808 752 2872 ire
787 2807 976 2890 cogebatur.
1027 2806 1123 2873 Hanc
1157 2827 1288 2893 quoque
1322 2805 1430 2889 legem

255 2912 474 3000 philosophus
497 2913 720 2999 amplectitur3
743 2913 869 2980 recedit
890 2917 1006 2981 tamen
1029 2914 1073 2981 ab
1091 2914 1163 2980 iure
1179 2913 1291 2979 Attico
1308 2913 1366 2996 ita,
1391 2915 1438 2978 ut.

256 3040 350 3086 reum
381 3020 522 3086 multam
550 3020 614 3086 sibi
636 3020 829 3105 impositam
851 3023 977 3087 totam
1001 3021 1127 3087 actori
1149 3021 1266 3087 iubeat
1288 3019 1432 3104 solvere;

257 3127 381 3196 etenim
393 3127 536 3193 Athenis
551 3128 587 3193 in
603 3127 766 3193 eiusmodi
780 3131 896 3212 βιαίων
912 3129 1022 3194 causis
1038 3126 1165 3193 multae
1181 3147 1272 3212 pars
1288 3127 1435 3211 actori,

256 3255 347 3320 pars
370 3233 471 3300 fisco
496 3234 755 3318 obtingebat.¹⁶⁶)

345 3339 496 3407 Eandem
511 3340 602 3406 illam
626 3343 781 3425 ἀγωγὴν
795 3380 841 3388 -
855 3362 914 3427 per
930 3341 1153 3407 coniecturam
1170 3339 1269 3407 addo:
1294 3340 1433 3407 easdem

257 3466 378 3513 causas
402 3469 444 3512 ex
467 3449 630 3532 ἀφαιρέσει
653 3447 810 3513 oriundas
833 3488 869 3495 —
901 3447 1011 3514 locum
1033 3446 1157 3513 habere
1180 3446 1255 3512 vult
1270 3446 1377 3530 Plato,
1402 3446 1435 3514 si

348 3624 389 3693 10θ)
408 3624 467 3680 Att.
488 3625 567 3680 Proc.
587 3624 652 3689 6583
672 3625 749 3680 Paul.
763 3624 847 3680 Wiss
867 3625 905 3689 11,
916 3623 969 3679 768
979 3642 1020 3695 sq.

348 3713 389 3782 ¹⁶¹)
409 3714 443 3768 de
461 3714 588 3782 vestigiis
606 3713 641 3768 64
659 3729 685 3770 n.
699 3713 764 3780 2773
784 3714 818 3769 ef.
839 3714 898 3770 Att.
919 3714 996 3768 Proc
1018 3713 1078 3769 663.

348 3802 389 3871 ¹⁶²)
408 3802 472 3857 ibid.
491 3802 608 3873 seseq,
628 3802 780 3868 Beauohet,
800 3801 1127 3873 droitprivell,516ss

347 3890 389 3957 ¹⁶³)
410 3891 444 3946 ci.
463 3890 555 3945 Herm.
576 3891 610 3945 dc
627 3892 754 3960 vestigiis
771 3891 807 3945 ssb
826 3908 852 3946 n.
866 3890 927 3947 279.

347 3979 389 4048 ¹⁶⁴)
408 3980 467 4035 Att.
486 3979 566 4034 Proo.
585 3979 651 4045 660;
676 3980 768 4036 Herm.
788 3980 889 4035 Thalh.
915 3981 947 4035 R.
967 3982 999 4036 A.
1019 3981 1054 4034 32
1079 3998 1105 4036 n.
1127 3980 1154 4046 13
1180 3980 1332 4035 Beauchct.
1357 3981 1438 4036 droit,

257 4068 334 4138 prive
352 4068 456 4133 11‚522.

348 4157 389 4226 ¹⁶³)
408 4157 472 4213 ibid.

347 4246 389 4316 ¹⁰⁶)
408 4247 500 4303 Herm.
514 4246 613 4303 Thalh.
627 4247 659 4302 R.
673 4246 705 4302 A.
719 4246 753 4301 31
773 4263 800 4302 n.
813 4247 844 4313 3;
863 4246 941 4303 Paul.
954 4248 1038 4302 Wiss
1053 4248 1182 4313 111¹‚380
1192 4264 1245 4318 sq.;
1265 4248 1436 4312 Thonissen,

257 4334 332 4387 droit
349 4336 431 4405 penal
450 4335 516 4402 2703
534 4336 594 4392 Att.
614 4336 693 4391 Proo.
713 4335 774 4393 646.
