3292 5017
718 384 939 449 -55..

241 563 407 647 habeant3
452 562 514 628 hoc
552 561 623 628 veri
662 561 815 628 existimo
855 560 1057 625 simillimum
1099 563 1289 646 propterea,
1336 561 1415 648 quia

243 670 386 736 eandem
409 669 516 736 altera
541 671 576 734 et
605 667 705 735 tertia
728 688 830 754 quam
860 668 967 754 prima
991 668 1122 733 actione
1152 668 1317 733 rationem
1339 667 1414 732 iniri

241 775 337 842 iubet
373 774 484 858 Plato;
522 796 567 841 an
605 776 782 861 quisquam
820 775 1010 860 suspicatur
1043 773 1147 839 verba
1192 775 1256 838 ‘uui
1301 782 1414 857 σημεῖα

226 885 465 968 -ἕπιβάλλονιας
503 882 544 947 αὖ
582 889 646 955 τοῖς
683 884 818 966 λεχθεῖσι
858 882 933 962 (856
951 882 999 963 At’
1039 879 1214 946 referenda
1252 899 1325 945 esso
1370 879 1414 945 ad

242 991 408 1056 orationes
439 990 544 1075 primo
580 988 632 1055 die
667 988 826 1054 habitas?
866 986 931 1053 Sed
965 990 1036 1053 sive
1075 987 1207 1052 semel
1242 987 1313 1052 sive
1348 989 1415 1053 ter
1470 1045 1472 1048 .

242 1098 373 1183 utrique
395 1096 542 1178 litiganti
559 1098 598 1162 ut
614 1117 752 1162 causam
774 1116 873 1160 suam
896 1098 977 1177 agat
1000 1094 1164 1180 permittit
1185 1092 1412 1180 philosophus

240 1204 356 1290 utique
392 1202 455 1268 hac
485 1204 521 1268 in
551 1223 585 1268 re
621 1200 803 1285 digreditur
837 1200 881 1266 ab
905 1202 1037 1267 actione
1069 1221 1179 1267 coram
1202 1200 1413 1287 Areopagitis

239 1310 407 1393 instituta,
447 1331 530 1396 quos
566 1312 600 1375 et
631 1309 734 1375 actori
766 1311 800 1374 et
830 1330 886 1374 reo
920 1308 1049 1392 binas
1081 1307 1210 1373 dedisse
1245 1307 1413 1373 orationes

240 1416 476 1502 accepimus.⁶⁰)
1411 1496 1414 1500 ¹

329 1522 389 1588 His
413 1522 639 1606 adiungantur
654 1521 825 1604 nonnulla,
851 1523 989 1609 quaein
1012 1522 1130 1587 ceteris
1147 1543 1277 1608 quoquo
1302 1521 1413 1588 causis

239 1631 273 1695 in
296 1629 416 1695 iudicio
441 1628 666 1715 disceptandis
689 1628 798 1695 locum
830 1629 965 1695 habent.
1013 1628 1178 1709 Quoniam
1202 1630 1411 1695 adversario-

193 1781 198 1788 ·
239 1757 313 1802 rum
328 1736 524 1802 incurrimus
541 1737 758 1819 orationibus,
782 1739 959 1802 moneatur
975 1757 1061 1819 eum,
1086 1737 1142 1822 qui
1158 1737 1261 1803 verba
1275 1735 1411 1819 iaceret,

238 1863 398 1930 persaepe
421 1864 488 1909 non
512 1845 583 1910 tam
617 1842 650 1908 id
682 1845 863 1930 spectasse,
899 1846 938 1909 ut
971 1843 1096 1910 iudices
1131 1844 1171 1909 de
1203 1864 1238 1909 re
1269 1842 1410 1927 doceret,

239 1971 341 2037 quam
365 1953 403 2016 ut
426 1970 541 2016 eorum
564 1951 707 2033 gratiam
731 1950 794 2016 sibi
811 1949 1010 2033 conciliaret,
1034 1950 1117 2015 iram
1132 1951 1167 2016 in
1183 1949 1411 2016 adversarium

238 2059 397 2142 moveret,
422 2078 462 2124 ac
484 2055 592 2123 multa
607 2056 794 2143 protulisse,
819 2078 906 2143 quae
921 2057 965 2122 ad
987 2078 1057 2123 rom
1074 2057 1156 2123 nihil
1179 2059 1409 2140 attinerentfflt

238 2163 323 2229 Tum
346 2184 426 2229 vero
450 2164 581 2248 ἡγεμόνι
615 2166 818 2248 δικαστηρίου
849 2163 982 2230 licuisse
1012 2163 1106 2230 illum
1139 2166 1235 2250 quasi
1266 2162 1309 2229 ad
1339 2185 1409 2231 rem

238 2268 393 2335 revocare
427 2271 482 2335 in·
500 2274 656 2356 promptu
691 2274 755 2355 est3
790 2269 927 2356 proinde
961 2271 1055 2338 iubet
1085 2272 1180 2337 Plato
1206 2270 1283 2353 (XII,
1297 2271 1363 2336 949
1371 2271 1408 2353 Β)

238 2396 324 2450 eum,
349 2376 406 2461 qui
429 2379 589 2460 ’καθάπερ
612 2381 676 2452 ἔξω
699 2386 755 2443 τοῦ
778 2380 886 2461 λόγον’
910 2377 1009 2457 dicat,
1034 2380 1117 2451 ‘rode
1140 2382 1295 2463 ἄρχοντας
1317 2381 1410 2443 πάλιν

238 2485 403 2566 ἐπανάγειν
425 2487 469 2556 εἰς
491 2486 545 2549 τὸν
567 2486 639 2569 περὶ
661 2492 716 2551 τοῦ
739 2488 927 2570 πράγματος
949 2488 997 2551 ἀεὶ
1019 2488 1135 2569 λόγον’.

326 2590 375 2656 Ac
397 2611 440 2656 ne
463 2590 565 2656 fletus
589 2590 723 2678 quidem
746 2596 807 2658 aut
834 2614 958 2678 preces,
991 2593 1112 2679 quibus
1136 2593 1282 2658 iudicum
1305 2592 1409 2657 animi
1541 2616 1545 2622 ’

236 2696 461 2780 flecterentur,
486 2718 508 2763 a
529 2697 588 2764 lite
612 2699 726 2764 Attica
756 2697 886 2765 alienae
916 2703 1069 2784 eranum)
1100 2699 1164 2765 hoc
1193 2698 1408 2765 hauddubie

236 2803 408 2887 attingens
449 2803 523 2885 (949
542 2804 578 2887 B)
617 2804 785 2871 interdicit
822 2804 1055 2893 philosophus,
1102 2828 1146 2873 ne
1184 2808 1258 2891 quis
1297 2827 1408 2872 coram

235 2909 401 2977 iudicibus
426 2914 542 2977 utatur
558 2915 710 2983 ’ἱκετείαις
726 2966 732 2978 .
750 2963 756 2977 .
773 2915 960 2998 ἀσχήμοσιν’
978 2917 1038 2979 aut
1052 2918 1178 2985 ‘cavoa
1201 2917 1407 2996 γυναικείοις’.

324 3019 577 3103 Σανηγόρους
610 3018 645 3084 in
680 3019 812 3085 actione
848 3019 992 3085 iudiciali
1023 3020 1154 3086 admitti
1190 3019 1335 3086 efficitur
1365 3040 1407 3086 ex

235 3121 404 3208 X1,937A
428 3129 463 3191 et
484 3125 519 3191 E.

323 3230 470 3298 Palam
505 3232 623 3298 deinde
658 3236 697 3298 ut
730 3232 857 3299 iudices
892 3232 1006 3299 dicant
1039 3234 1243 3300 sententiam
1278 3234 1407 3299 sancire

234 3336 410 3403 Platonem
425 3342 520 3424 patet
536 3361 578 3407 ex
590 3340 643 3422 Vl,
653 3340 755 3406 7671)
772 3345 806 3407 et
817 3340 902 3424 Vlll,
913 3342 977 3407 855
987 3342 1026 3425 D,
1051 3339 1235 3424 digressum
1251 3340 1406 3427 aliquan-

234 3445 307 3509 tum
331 3443 374 3509 ab
399 3466 462 3510 usu
485 3445 610 3513 lorensi
625 3447 747 3532 Attico,
773 3470 815 3514 ex
839 3469 904 3534 quo
929 3447 1036 3514 clam
1059 3447 1184 3515 iudices
1207 3447 1406 3531 suffragium

233 3550 352 3617 tulisse
399 3550 606 3637 exploratum
652 3554 833 3640 habemus;
847 3557 884 3639 ⁶³)
936 3577 976 3621 ac
1024 3554 1168 3622 fortasse
1217 3555 1271 3639 IX,
1293 3554 1406 3621 876Β

234 3656 460 3725 Athenienses
483 3660 657 3746 praecipue
680 3661 1017 3747 reprehenduntur.⁶⁴t

322 3871 353 3940 Μ)
372 3871 463 3927 Herm.
475 3871 509 3927 de
521 3873 647 3943 vestigiis
664 3873 714 3941 47;
733 3875 810 3931 Paul.
825 3876 1046 3943 Wiss.111‚630;
1067 3876 1136 3932 Gilb.
1151 3876 1295 3931 Staatsalt.
1308 3875 1328 3939 1,
1338 3874 1404 3942 433;

222 3957 297 4014 -Scb,
316 3959 391 4030 Lips.
411 3961 456 4015 Gr.
469 3962 524 4017 Alt.
539 3962 558 4028 1,
572 3961 632 4017 510.
693 3975 695 3980 '

322 4049 353 4118 ⁶¹)
372 4049 436 4105 ibid.
449 4050 469 4117 l,
480 4050 540 4106 532.

321 4137 352 4207 ¹⁵⁹)
370 4138 434 4193 ibid.

321 4226 351 4296 ⁶³)
371 4228 429 4284 Att.
442 4228 523 4283 Proc.
537 4229 598 4284 937.

321 4315 352 4387 ⁶⁴)
370 4317 462 4374 Herm.
483 4318 517 4372 de
535 4318 661 4389 vestigiis
678 4319 715 4374 44
732 4337 759 4376 n.
774 4320 833 4379 174.
