3292 5017
681 351 963 472 ,ww-

265 582 422 666 ordinem,
448 604 547 670 quem
570 584 641 670 ipse
663 583 761 651 Plato
785 584 943 669 sequitur.
989 582 1131 650 Proinde
1154 583 1259 671 primo
1282 584 1353 650 loco
1377 604 1437 649 ex·

265 689 443 777 pediantur
465 692 773 775 νομοφύλακες.

353 797 440 864 Huic
454 797 667 879 magistratui
683 797 758 878 (754
767 797 806 880 D)
822 797 999 884 praecipue
1018 796 1130 881 legum
1146 797 1309 865 committi
1324 800 1437 864 custo·

265 904 355 970 diam
372 908 637 970 consentaneum
652 906 713 969 est.
745 902 838 969 Idem
853 925 976 970 munus
992 904 1249 970 Atheniensium
1265 904 1437 991 Areopago

128 1072 135 1090 ,
264 1013 344 1077 ante
375 1009 565 1097 Ephialtem
595 1012 629 1075 et
660 1008 818 1076 Periclem
849 1010 955 1076 fuisse
985 1012 1083 1077 testis
1115 1014 1168 1077 est
1189 1009 1436 1092 Aristoteles.¹⁸)

147 1126 148 1129 ’
264 1116 357 1197 Quae
389 1137 469 1182 cura
499 1137 575 1182 cum
605 1118 815 1202 Areopagitis
846 1116 1006 1203 adempta
1040 1120 1140 1201 esset,
1175 1121 1314 1202 septem-
1338 1142 1437 1202 νομο·

263 1226 411 1308 φύλακας
434 1223 636 1289 constitutos
659 1244 733 1290 esse
756 1222 861 1290 tradit
883 1223 1135 1307 Plilochorus.¹⁸)

353 1328 401 1395 De
432 1328 534 1394 huius
557 1328 694 1413 collegii
707 1335 851 1397 exeunte
875 1332 992 1416 quinto
1015 1352 1044 1397 a
1068 1330 1140 1397 Ghr.
1165 1331 1299 1397 saeculo
1322 1330 1438 1397 aboliti

263 1436 435 1523 provincia
468 1434 552 1501 nihil
586 1439 791 1524 compertum
826 1437 1043 1520 hahemus.¹⁴)
1100 1436 1259 1504 Eiusdem
1293 1437 1437 1503 nominis

263 1542 498 1626 magistratum
525 1546 643 1630 postca
665 1543 854 1609 Demetrius
877 1544 1088 1611 Phalereusis
1111 1545 1299 1611 instituisse
1321 1543 1439 1628 fertur,

264 1670 364 1736 quem
379 1648 551 1715 Hermann
575 1653 690 1717 censet
713 1653 748 1716 et
769 1670 908 1716 numero
933 1653 968 1717 et
983 1653 1152 1739 potestate
1169 1650 1284 1718 abillo
1301 1650 1436 1735 collegio

262 1755 407 1822 multum
430 1754 631 1822 discessisse.

352 1861 480 1929 Deinde
493 1864 568 1944 (755
577 1863 603 1929 B
613 1869 665 1947 ss.)
679 1864 931 1930 constituuntur
941 1885 1068 1931 rerum
1081 1865 1313 1932 militarium
1325 1885 1436 1952 prae-

263 1968 374 2054 fecti,
407 1991 491 2055 quos
515 1992 580 2057 quo
603 1974 701 2058 pacto
724 1971 863 2038 inducat
886 1972 989 2038 creari
1010 1970 1237 2058 philosophus,
1262 1992 1329 2038 non
1353 1993 1436 2057 opus

263 2081 317 2143 est
338 2075 393 2142 hic
412 2077 502 2143 omni
517 2081 669 2163 exparte
685 2077 809 2162 referri,
834 2076 1102 2164 quandoquidem
1119 2077 1290 2145 diiudicari
1304 2076 1437 2144 videtur

262 2202 330 2248 non
361 2203 473 2269 posse,
503 2204 584 2249 num
614 2183 712 2251 Plato
743 2185 909 2251 rationem
939 2185 1157 2268 magistratus
1188 2182 1263 2251 illos
1294 2167 1437 2266 eligendi

262 2294 372 2357 totam
388 2311 430 2356 ex
445 2290 701 2358 Atheniensium
717 2313 781 2358 usu
798 2291 1019 2379 depromat¹⁶l
1043 2292 1095 2357 lta
1110 2294 1199 2358 certe
1216 2313 1290 2358 cum
1307 2290 1436 2357 civibus

262 2397 332 2462 suis
338 2398 375 2479 16)
392 2398 569 2481 consentit,
593 2402 633 2464 ut
647 2402 821 2487 χειροτονίᾳ
838 2398 939 2465 duces
954 2398 1072 2464 iubeat
1087 2398 1255 2480 constitui,
1280 2398 1437 2464 dissentit

261 2503 333 2581 ita‚²
361 2504 401 2568 ut
429 2502 629 2570 facultatem
660 2526 718 2571 eos
749 2503 882 2571 creandi
913 2526 982 2571 nou
1012 2504 1150 2571 mandet
1179 2506 1245 2571 nisi
1274 2503 1436 2571 militibus

264 2609 378 2691 115511
395 2615 465 2698 sq.);
501 2611 627 2677 etenim
657 2611 799 2677 Athenis
835 2613 970 2678 constat
999 2613 1033 2677 in
1065 2613 1219 2678 contione
1249 2612 1436 2697 praefectos

261 2715 335 2782 illos
360 2716 436 2799 eligi
459 2738 534 2783 esse
558 2717 683 2785 solitos.

350 2823 577 2910 Principetum
599 2845 679 2891 vero
702 2824 789 2891 inter
810 2823 873 2891 hos
896 2825 1114 2908 magistratus
1137 2824 1228 2891 haud
1251 2824 1351 2891 dubie
1375 2824 1435 2891 ob·

261 2930 374 2996 tinent
389 2955 540 3016 στρατη
551 2934 629 3015 yet,
654 2952 738 3019 quos
754 2934 822 2999 tres
839 2933 914 3015 (755
927 2931 965 3015 D)
983 2932 1087 3000 creari
1102 2931 1176 2999 vult
1191 2932 1297 3015 Plato,
1322 2931 1438 2998 decem

261 3036 404 3103 Athenis
426 3038 530 3104 fuisse
554 3039 789 3125 accepimus.1⁷)

350 3143 529 3211 Praeterea
557 3149 779 3230 ταξίαρχοι
812 3184 851 3193 -
886 3149 962 3211 ’τῶν
992 3149 1100 3221 πεζῶν
1133 3147 1246 3228 φυλῶν
1279 3148 1435 3231 κοσμηταὶ

260 3258 325 3316 τῶν
340 3254 470 3326 τάξεων’
488 3251 608 3335 17550)
624 3252 833 3318 —tribuum
853 3273 990 3318 numero
1015 3252 1251 3318 convenienter
1271 3254 1434 3318 constitu·
1544 3265 1546 3270 '

261 3363 365 3423 untur
402 3356 587 3442 duodecim3
626 3358 884 3425 Atheniensium
919 3359 1099 3425 exercitum
1138 3359 1252 3426 decem
1275 3358 1433 3425 habuisse

260 3467 492 3549 rafrdpxovcffl)
516 3467 574 3532 vix
597 3468 674 3549 eget
696 3465 939 3532 observatione.

351 3606 381 3676 ²²)
395 3604 457 3661 Ἀθ.
475 3603 536 3662 πολ.
554 3606 579 3673 4,
589 3607 615 3674 4,
634 3607 699 3674 8,4;
719 3607 754 3662 cf.
773 3607 884 3664 Wilam.
903 3608 950 3662 Ar.
968 3625 996 3662 u.
1015 3607 1082 3663 Ath.
1101 3608 1261 3681 11‚1s1sq.;
1280 3608 1355 3679 Lips.
1373 3609 1433 3665 Att.

261 3695 353 3750 Recht
371 3714 397 3751 u.
416 3696 592 3752 Rechtsveri.
611 3696 727 3768 I,34sq.
1055 3699 1057 3701 ’

351 3786 381 3856 18)
401 3786 436 3840 ci.
455 3785 519 3841 ibid.
538 3802 564 3842 n,
580 3785 643 3853 1083
662 3781 755 3842 Herm.
775 3785 809 3839 de
827 3786 954 3857 vestigiis
971 3786 1007 3841 38
1025 3786 1126 3842 n.150.

351 3874 381 3946 14)
401 3874 511 3945 Lipsius
529 3875 583 3929 1ο.
602 3874 622 3941 1,
632 3875 676 3930 35.
888 3940 893 3950 ⁸
1249 3942 1255 3953 .

351 3964 381 4034 ¹⁶)
401 3964 552 4019 Hermauni
576 3963 619 4034 (de
637 3964 763 4034 vestigiis
780 3963 824 4033 40)
851 3964 945 4034 opinio
971 3963 1104 4035 suspicati
1129 3964 1327 4036 philosophum
1351 3964 1433 4035 plane

260 4052 308 4109 illo
333 4052 395 4109 loco
414 4054 626 4109 Atheniensium
651 4053 762 4108 creandi
784 4053 899 4128 modum
922 4055 1042 4109 retinere
1065 4054 1198 4109 audacior
1220 4054 1331 4109 videtur
1350 4069 1433 4126 quam

261 4142 305 4196 cui
323 4143 452 4198 assentiri
470 4143 622 4213 possimus3
642 4143 676 4198 cl.
696 4142 788 4198 Herm
807 4141 921 4198 Thums.
942 4143 1087 4199 Staatsalt.
1107 4143 1198 4209 11‚521
1217 4159 1245 4199 n.
1257 4143 1283 4198 6.

351 4231 381 4302 ¹⁶)
400 4232 484 4287 Arist.
498 4228 560 4288 Ἀθ.
578 4228 639 4284 πολ.
657 4231 702 4298 43,
713 4231 741 4298 1;
760 4231 840 4297 61,1.

350 4321 380 4391 ¹⁷)
399 4320 463 4375 ibid.
481 4319 560 4386 61,1.

350 4410 379 4480 ¹⁸)
397 4409 462 4467 ibid
481 4409 524 4476 61,
535 4410 560 4466 3.
