3292 5017
735 373 959 439 -50..

257 550 482 618 accusationis
502 550 689 617 vocabatur
704 551 866 637 ypapffl)
900 551 975 618 Huc
991 552 1116 638 optimo
1132 552 1203 618 iure
1219 552 1341 620 referre
1356 553 1435 622 licet

236 656 481 742 1119291113,
515 657 573 723 ubi
595 657 706 724 verbis
729 661 796 724 ‘Ab
818 684 851 724 τε
875 661 930 744 δέῃ
950 661 1132 743 γράφεσθαι
1154 662 1208 725 καὶ
1232 661 1287 726 ἐὰν
1309 662 1354 745 μὴ
1378 662 1434 745 τὴν

258 768 432 850 γραφήν
461 763 658 851 philosopho
684 764 801 831 eadem
826 786 931 831 causa
952 766 1086 852 private
1109 765 1309 833 obversatur
1332 770 1434 854 atque

258 870 380 938 dicenti
403 873 470 956 ’τὴν
489 879 544 956 τῆς
566 876 742 956 παρανοίας
765 874 947 956 γράφεσθαι
970 875 1112 957 δίκην.

346 978 377 1043 ls
394 976 546 1064 denique,
571 979 628 1065 pui
645 978 744 1044 alicui
763 977 857 1045 litem
872 977 1079 1062 intendebat,
1100 979 1273 1048 dicebatur
1287 978 1434 1070 <ὅίκην>

256 1087 505 1170 reppererim)
530 1106 617 1172 quae
639 1083 737 1152 dictio
752 1086 786 1150 in
803 1085 948 1168 Legibus
964 1083 1148 1152 identidem
1163 1088 1313 1170 occurrit,
1338 1088 1433 1155 velut

257 1191 310 1274 VI,
323 1191 388 1259 762
404 1191 441 1274 Β,
465 1191 505 1276 X,
516 1191 584 1257 ’909
601 1191 634 1275 G,
658 1191 714 1274 Xl,
728 1192 793 1258 938
809 1191 844 1258 Β.

345 1297 390 1364 Ut
428 1319 506 1364 vero
545 1298 588 1364 ab
627 1300 748 1364 actoris
786 1297 897 1365 libello
936 1320 972 1365 se
1008 1298 1209 1382 defenderet,
1249 1321 1326 1366 reus
1360 1302 1431 1386 ipse
1509 1289 1512 1295 ⁵

217 1389 219 1393 ὗ
257 1406 521 1490 ἀντιγραφὴν
537 1406 753 1491 perscriptam
769 1405 982 1489 magistratui
997 1404 1221 1491 tradebat32⁷l
1244 1406 1332 1473 hanc
1347 1409 1429 1473 ἀντι-

257 1513 386 1597 γραφὴν
416 1512 529 1597 procul
560 1512 660 1579 dubio
690 1511 856 1596 intellegit
886 1512 983 1579 Plato
1006 1511 1075 1595 XII,
1088 1512 1154 1580 948
1174 1513 1203 1578 D
1226 1513 1336 1580 verbis
1360 1564 1366 1578 .
1390 1566 1397 1580 .
1422 1563 1429 1579 .

257 1620 324 1684 ‘cdv
346 1621 503 1704 φεύγοντα
526 1621 583 1703 τὴν
602 1622 760 1704 ἄρνησιν
776 1622 942 1704 γράψαντα
962 1621 1163 1704 παραδοῦναι
1178 1628 1243 1693 τοῖς
1258 1624 1428 1705 ἄρχονσιν’.

347 1725 382 1792 Si
397 1725 508 1812 plures
524 1726 624 1792 simul
641 1726 684 1791 ad
701 1725 844 1792 eundem
861 1727 1095 1809 magistratum
1111 1726 1204 1793 litem
1221 1725 1428 1812 detulissent,

256 1836 345 1899 sorte
368 1834 439 1898 veri
462 1833 569 1900 simile
593 1836 646 1900 est
669 1836 838 1899 statutum
862 1854 945 1916 esse,
970 1854 1035 1920 quo
1060 1833 1175 1900 ordine
1191 1854 1314 1900 causae
1331 1833 1429 1900 simul

255 1940 432 2006 institutae
446 1939 722 2027 disceptarentur3
734 1940 800 2006 huc
811 1940 955 2007 fortasse
968 1943 1124 2027 spectant
1135 1940 1240 2007 verba
1251 1944 1428 2025 ’προτέρων

254 2072 286 2110 τε
309 2049 363 2111 καὶ
385 2049 527 2131 ὑστέρων
551 2050 663 2131 λήξας’
688 2046 767 2133 (XII,
781 2046 846 2113 956
862 2045 949 2130 11118)

343 2157 418 2221 Ι6111
455 2174 534 2220 vero
570 2175 693 2222 causae
728 2157 887 2240 acceptae
922 2155 1140 2237 magistratus
1175 2154 1262 2220 diem
1296 2153 1429 2221 dicebat

256 2259 556 2343 cognoscendaeu)
581 2282 682 2347 quam
705 2263 934 2346 ἀνάκρισιν
956 2260 1053 2327 Plato
1069 2281 1137 2327 non
1153 2260 1258 2326 semel
1274 2262 1428 2344 attingit;

255 2365 407 2433 conferas
430 2367 564 2450 71766
580 2368 609 2433 D
634 2366 677 2434 et'
690 2367 727 2450 ll,
752 2368 807 2453 IX,
819 2367 886 2434 879
901 2366 937 2433 u.

343 2474 382 2538 In
419 2494 557 2539 numero
595 2473 663 2540 litis
701 2477 1009 2557 instrumentorum,
1057 2495 1143 2561 quae
1188 2476 1224 2540 in
1269 2478 1428 2559 ἀνακρίσει

255 2581 489 2662 afferebantur,
514 2582 656 2666 primum
679 2580 770 2646 haud
794 2580 894 2647 dubie
917 2581 1027 2647 locum
1051 2582 1204 2650 obtinent
1224 2582 1427 2648 testimonia.

255 2687 372 2753 Sancit
394 2690 508 2753 eutem
531 2687 749 2774 philosophus
767 2686 967 2771 (11193611),
991 2691 1041 2770 ut,
1066 2689 1122 2774 qui
1137 2692 1291 2775 prompto
1315 2690 1426 2754 animo

254 2814 322 2859 non
345 2796 499 2879 testetur,
529 2795 572 2861 ab
598 2816 647 2878 eo,
680 2798 732 2861 cui
755 2797 947 2862 testimonio
969 2794 1026 2863 illo
1051 2817 1134 2881 opus
1158 2796 1211 2879 sit,
1235 2797 1428 2879 προσκλήσει

254 2900 383 2985 citetur,
409 2902 533 2967 citatus
549 2923 628 2968 vero
653 2907 714 2967 aut
737 2905 882 2968 testetur
898 2906 959 2969 aut
981 2900 1207 2970 iureiurando
1230 2902 1426 2987 interposito

253 3011 354 3091 neget
384 3007 486 3074 ullam
519 3031 555 3074 se
586 3009 709 3075 habere
743 3011 899 3076 notitiam
934 3011 980 3076 rei
1014 3014 1255 3076 controversae.
1300 3008 1340 3072 In
1373 3007 1426 3073 his

253 3114 430 3181 Platonem
468 3115 511 3181 ab
549 3115 679 3199 legibus
718 3116 839 3182 Atticis
878 3136 946 3182 non
984 3114 1136 3181 recedere
1174 3114 1239 3179 nisi
1284 3115 1347 3200 ita,
1387 3116 1427 3181 ut

253 3225 469 3306 ἐξωμοσίαν
492 3221 583 3288 illam
606 3243 664 3308 per
694 3223 806 3289 lovem
830 3222 1018 3308 Apollinem
1041 3219 1244 3304 Themidem,
1276 3243 1344 3288 non
1367 3242 1426 3308 per

252 3328 365 3394 Iovem
404 3328 591 3414 Apollinem
634 3328 784 3395 Cererem
822 3328 1078 3395 Atheniensium
1123 3326 1206 3394 velit
1250 3329 1423 3415 praestari,

252 3436 399 3501 ostendit
421 3436 636 3518 Rentzsch,⁸⁰l
1372 3504 1376 3509 .

342 3541 439 3608 Nunc
471 3543 614 3609 breviter
649 3542 869 3629 describatur,
904 3542 1025 3629 quibus
1056 3563 1113 3629 per
1143 3542 1294 3609 Platonis
1324 3561 1423 3627 pree-

341 3756 373 3823 α1)
391 3755 456 3809 ibid.
469 3755 522 3810 233
540 3773 567 3811 n.
580 3756 616 3810 84

341 3844 371 3913 “l
390 3844 599 3900 11111792-94,

341 3933 372 4003 ⁹⁷)
391 3934 454 3989 ibid.
468 3931 536 4000 830;
555 3933 634 3989 Paul.
648 3935 730 3990 Wiss
745 3935 782 4003 12,
792 3933 871 3990 2422.

341 4022 372 4092 ²⁸)
391 4021 611 4079 nitrienses
629 4040 655 4079 n.
671 4023 729 4080 109.

341 4111 372 4181 ³⁹)
391 4111 456 4166 ibid.
468 4111 505 4166 48
523 4114 553 4166 61
564 4112 632 4179 823;
651 4112 729 4168 Paul.
743 4113 825 4169 Wiss.
839 4113 869 4167 1²
880 4113 953 4169 2050
964 4130 1018 4185 sq.;
1039 4113 1103 4169 Sch.
1117 4111 1191 4182 Lips
1206 4111 1251 4167 Gr.
1265 4110 1314 4167 Alt
1325 4109 1345 4175 1,
1355 4108 1421 4176 52&

251 4199 343 4255 Herm.
356 4199 469 4255 Thums.
484 4200 627 4257 Staatsalt.
640 4202 673 4267 ll,
683 4202 743 4257 573.
1274 4209 1276 4212 “

341 4288 371 4360 *ll
391 4290 426 4344 de
444 4285 504 4362 δίνῃ
521 4285 630 4359 perdura
646 4290 679 4346 17
688 4307 729 4361 sq.
