3292 5017
672 439 712 448 ...
757 401 799 466 33
848 440 887 449 .-

193 576 321 643 uitetur
348 577 485 665 Dionys
515 577 590 644 Hal.
613 577 682 663 Vll,
698 579 803 663 72¹⁸):
836 573 1033 664 ’Ἑλληνικὸν
1064 582 1158 664 δ’ἅρα
1189 583 1243 646 καὶ
1272 589 1366 649 τοῦτο

192 685 231 768 ἦν
256 736 262 748 .
287 734 293 749 .
318 735 325 749 .
349 687 382 750 ἐν
406 686 516 757 ὅπλοις
538 688 668 770 ὄρχησις
690 689 710 770 ἡ
734 688 916 771 καλουμένη
939 690 1088 771 πυρρίχη,
1119 691 1171 752 εἴτ’
1202 690 1365 773 Ἀθηνᾶς
1460 683 1463 688 ’

191 794 321 875 πρώτης
344 793 394 856 ἐπὶ
411 792 551 857 Τιτάνων
567 794 741 877 ἀφανισμῷ
756 796 900 877 χορεύειν
923 795 977 858 καὶ
1000 796 1163 879 ὀρχεῖσθαι
1178 796 1235 860 σὺν
1255 797 1365 868 ὅπλοις

190 901 345 963 τάπινίκια
369 898 432 963 ὑπὸ
455 907 558 982 χαρᾶς
581 901 770 984 ἀρξαμένης,
793 903 852 965 εἴτε
876 951 883 964 .
907 950 914 965 .
939 904 956 963 .’

280 1001 405 1070 Eodem
436 1026 515 1072 vero
546 1009 698 1091 spectare
729 1006 812 1072 mihi
842 1007 1003 1093 persuasi,
1036 1028 1122 1093 quae
1156 1006 1253 1073 Plato
1285 1008 1364 1075 dicit

194 1110 260 1194 VII,
276 1111 392 1178 7953:
416 1114 447 1195 ’ἡ
473 1114 508 1177 ἀὲ
531 1111 572 1177 αὖ
594 1138 658 1177 ποο
681 1116 769 1195 παρ’
793 1116 884 1197 ἡμῖν
906 1115 1001 1198 κόρη
1025 1115 1088 1178 καὶ
1112 1115 1364 1181 (lietwino...

190 1227 295 1290 κεναῖς
317 1221 424 1303 χερσίν
446 1222 507 1285 οὐκ
531 1221 628 1304 ᾠήθη
653 1221 717 1284 ἀεῖν
740 1221 881 1302 ἀθύρειν,
897 1222 1055 1303 πανοπλίᾳ
1071 1221 1106 1286 ἀὲ
1124 1223 1269 1286 παντελεῖ
1287 1247 1363 1287 κοσ-

190 1328 328 1410 μηθεῖσα
351 1329 436 1391 οὕτω
458 1327 515 1410 τὴν
539 1329 671 1411 ὄρχησιν
694 1328 921 1408 ἀιαπεραίνειν.’
1170 1318 1174 1327 ’

279 1432 365 1498 'lum
399 1431 488 1519 quod
521 1436 673 1517 βακχείαν
708 1437 743 1498 et
777 1432 976 1499 saltationes
1010 1432 1086 1499 illas
1120 1454 1195 1499 cum
1230 1438 1364 1519 βακχείᾳ

191 1540 387 1605 coniunctas
423 1540 526 1606 arceri
560 1538 634 1606 vult
668 1538 895 1626 philosophus,
931 1538 1022 1605 haud
1057 1541 1124 1607 scio
1159 1562 1203 1606 an
1239 1540 1364 1608 similes

189 1647 334 1732 pratriae
357 1667 410 1712 res
434 1649 514 1712 ante
538 1646 650 1713 oculos
673 1645 815 1730 haheat,
839 1648 1016 1712 moneatur
1038 1646 1079 1713 de
1101 1648 1234 1722 Χουσίν,
1257 1647 1363 1714 altero

188 1754 420 1838 Ἄνθεστηρίων
443 1753 496 1819 die
526 1753 621 1838 actis,
654 1773 719 1839 quo
744 1751 796 1818 die
821 1752 999 1819 saltatores
1021 1753 1057 1818 in
1080 1774 1238 1821 scaenam
1261 1753 1362 1841 prod-

128 1897 130 1900 *
189 1860 256 1925 isse
288 1860 476 1945 accepimus
499 1859 617 1942 Horas,
649 1859 834 1947 Nymphas,
855 1858 1005 1925 Bacchas
1027 1860 1147 1926 habitu
1178 1865 1212 1926 et
1235 1863 1363 1928 vestitu

188 1966 361 2032 imitantes
371 1968 418 2050 31⁴)
451 1987 491 2032 ac
521 1987 582 2032 suo
607 1967 677 2032 iure
701 1967 891 2052 suspicatur
914 1969 951 2034 A.
974 1966 1161 2033 Mommsen
1184 1966 1363 2034 saltatores

187 2071 272 2156 illos,
307 2076 485 2160 postquam
520 2075 554 2140 in
589 2075 723 2140 theatro
755 2074 904 2156 egissent
935 2077 1058 2159 parteS,
1088 2072 1203 2140 eodem
1224 2073 1362 2141 indutos

190 2184 311 2246 omatu
333 2201 392 2267 per
414 2181 488 2246 vias
512 2169 585 2246 esse
609 2182 762 2262 vagatos.

278 2286 428 2373 Denique
467 2291 562 2373 turpe
601 2290 767 2371 ὀρχήσεως
808 2308 915 2370 genus
952 2286 1086 2353 Platoni
1124 2277 1289 2353 statuenti
1326 2288 1362 2353 in

190 2392 366 2459 comoediis
388 2395 553 2460 usitatum
576 2392 667 2460 haud
690 2393 790 2460 dubie
814 2395 1007 2477 κόράαξῙῡ)
1039 2415 1137 2479 quem
1161 2393 1276 2460 dicunt
1299 2393 1361 2459 ob·

187 2521 350 2583 versatur.

278 2622 441 2711 Gymnica
470 2646 566 2712 porro
599 2626 783 2691 certamina
806 2624 901 2708 (VIII,
915 2626 980 2691 833
988 2627 1028 2707 A)
1053 2624 1286 2691 discernuntur
1309 2646 1359 2709 ea,

188 2752 274 2817 quae
298 2730 341 2797 ad
363 2731 495 2818 pedum,
521 2732 564 2796 ab
580 2733 630 2814 iis,
655 2753 742 2817 quae
758 2731 802 2798 ad
817 2733 980 2798 manuum
995 2733 1150 2819 spectant
1165 2731 1360 2814 agilitatem.

188 2837 346 2924 Superius
370 2840 485 2904 autem
508 2858 615 2920 genus
639 2837 871 2924 complectitur
887 2837 1037 2903 diversas
1053 2838 1204 2905 curriculi
1220 2838 1359 2924 specieS,

188 2965 273 3030 quae
296 2943 433 3011 833ΑΒ
469 2950 708 3009 enumerantur
742 2965 852 3029 neque
887 2944 958 3011 eius
993 2948 1074 3010 sunt
1107 2943 1206 3027 modi,
1241 2947 1280 3011 ut
1316 2943 1358 3009 ah

187 3051 442 3118 Atheniensium
472 3053 685 3135 πανηγύρεσιν
717 3051 851 3115 omnino
875 3050 1094 3133 abhorreant,
1124 3052 1245 3117 iterum
1268 3070 1359 3116 com-

187 3161 411 3224 memorentur
444 3157 686 3224 Panathenaea
720 3177 854 3240 magna,
889 3156 924 3222 in
959 3158 1080 3245 quibus
1114 3158 1179 3222 tria
1209 3156 1360 3222 curriculi

186 3265 377 3347 ’ἀθλήματα
400 3264 675 3346 instituebantur,
700 3267 746 3328 ’ἓν
761 3265 821 3347 μὲν
836 3265 1025 3339 παιάικόν,
1049 3267 1083 3330 ἓν
1107 3264 1143 3328 ἀὲ
1166 3265 1358 3346 ἀγενείων,

185 3373 220 3434 ἓν
244 3371 278 3435 ἀὲ
301 3372 469 3454 ἀνδρῶν’
494 3372 569 3454 (833
580 3370 663 3455 (itm)

275 3476 364 3543 Inter
394 3479 577 3543 certamina
606 3498 686 3543 vero
718 3475 761 3543 ad
788 3497 950 3542 manuum
972 3477 1174 3563 pertinentia
1195 3475 1296 3542 robur
1319 3497 1359 3543 ao

185 3581 400 3649 velocitatem
446 3585 626 3671 ὁπλομαχίᾳ
672 3584 895 3670 principatum
941 3583 1096 3650 attribuit
1140 3582 1358 3670 philosophus
1442 3607 1447 3616 ·

187 3689 350 3775 (833DE),
376 3711 461 3777 quae
484 3689 628 3756 Athenis
651 3690 687 3755 in
710 3690 848 3757 Theseis
871 3690 987 3757 haberi
1010 3689 1187 3773 solebat.¹⁷)
1279 3703 1283 3718 ¹

273 3795 442 3883 Equorum
473 3795 616 3882 denique
648 3818 764 3863 cursus
787 3796 885 3863 Plato
910 3795 1062 3880 (834130)
1087 3794 1206 3879 digerit
1227 3798 1285 3879 ita,
1317 3799 1358 3862 ut

274 3974 304 4044 13)
323 3975 486 4040 Mommsen,
505 3974 589 4028 Festo
606 3974 643 4028 98
660 3990 688 4030 n.
707 3975 733 4029 6.

276 4063 305 4133 ¹⁴)
324 4063 389 4118 ibid.
408 4064 462 4119 394
479 4080 506 4119 n
526 4062 556 4129 23
576 4062 654 4118 Paul.
667 4064 751 4119 Wiss
770 4062 891 4128 122374.

275 4151 304 4221 ¹¹⁵)
323 4152 415 4208 Herm.
433 4152 557 4218 Mueller,
576 4151 745 4208 Birhnenalt.
765 4151 826 4206 224.
929 4165 932 4172 ·

274 4239 303 4310 ¹⁶)
322 4241 485 4307 Mommsen,
505 4240 589 4294 Festo
607 4240 643 4295 70
656 4256 692 4296 ss.

273 4329 303 4399 ¹7)
321 4329 386 4385 ibid.
405 4329 464 4386 294.

238 4422 345 4470 Schulte.
