3292 5017
737 407 961 473 „30-

259 582 306 651 ad
338 605 471 652 cursum
502 583 604 652 lunas
636 583 832 672 deseriptus,
866 583 1015 651 OOGLIV
1038 583 1109 651 dies
1133 605 1173 652 ac
1195 604 1311 651 mense
1334 584 1439 650 inter·

258 689 373 775 ealari,
408 692 466 779 qui
499 694 589 758 nerto
623 691 798 759 interiecto
830 692 989 778 temporis
1020 692 1130 778 spatio
1153 691 1437 779 interponebatur,

258 796 306 864 ad
322 818 448 865 annum
460 797 673 866 solstitialem
687 799 928 865 accommodari
944 798 1109 881 solebat.²)
1145 799 1308 865 Attamen
1323 796 1439 866 eodem

159 983 162 988 <
257 925 328 992 quo
343 905 570 972 Athenienses
580 907 602 988 ²)
627 907 775 992 tempore
790 905 887 989 fingit
902 904 1119 991 philosophus
1136 925 1264 972 annum
1279 904 1439 991 incipien-

254 1015 341 1095 tem,
365 1011 399 1079 id
422 1010 511 1099 quod
533 1012 641 1100 liquet
664 1033 707 1078 ex
729 1011 784 1097 VI,
799 1012 907 1097 7670,
939 1011 998 1079 uhi
1020 1011 1146 1080 iudices
1170 1011 1313 1079 selectos
1335 1010 1438 1099 pridie

256 1119 334 1185 eius
357 1118 423 1186 diei
452 1119 548 1186 iubet
577 1120 691 1202 creari,
726 1120 866 1185 (ἐπειδὰν
896 1121 995 1204 μέλλῃ
1026 1122 1112 1192 νέος
1144 1120 1317 1191 ἐνιαυτὸς
1346 1120 1438 1203 μετὰ

257 1226 418 1309 θερινὰς
440 1226 582 1310 τροπὰς
603 1233 651 1311 τῷ
673 1228 790 1292 ἐπιόντι
810 1228 889 1311 μηνὶ
912 1228 1093 1310 γίγνεσθαι.’

349 1331 530 1399 Praeterea
551 1333 710 1420 inspitias
733 1332 803 1409 XII,
817 1331 927 1400 stau.

353 1439 425 1506 Iam
447 1459 526 1505 vero
551 1438 595 1505 ad
618 1440 698 1506 anni
722 1438 792 1507 dies
816 1443 852 1507 et
882 1460 1015 1506 menses
1045 1442 1161 1513 θυσίας
1191 1442 1226 1506 et
1249 1439 1360 1522 ἑορτὰς
1382 1458 1437 1504 ac-

256 1545 464 1612 ¹commodari
494 1545 578 1613 feeit
607 1545 713 1613 Plato.
759 1546 822 1614 Hie
850 1537 945 1614 ¹loeus
975 1547 1109 1614 videtur
1130 1544 1283 1626 idoneus,
1307 1566 1373 1632 quo
1397 1545 1437 1611 de

258 1651 395 1739 templis
425 1674 535 1739 pauca
564 1654 815 1721 interserantur.
869 1656 919 1721 Ae
949 1654 1091 1742 primum
1122 1655 1299 1720 moneatur
1330 1651 1437 1739 philo·

256 1759 403 1846 sophum
426 1760 530 1827 saeris
552 1760 693 1848 privatis
717 1760 847 1827 nuIIum
870 1760 1110 1827 concedentem
1132 1759 1242 1826 locum
1259 1759 1309 1842 (X,
1322 1760 1388 1825 909
1397 1758 1435 1841 D)

258 1865 305 1932 ab
336 1866 601 1934 Atheniensibus
633 1866 767 1952 digredi,
799 1869 857 1956 qui
888 1867 998 1935 uultus
1030 1867 1167 1934 deorum
1191 1866 1339 1953 qnvatos
1362 1886 1436 1952 per·

260 1972 445 2040 mittebant
467 1977 570 2061 atque
593 1973 762 2041 interdum
786 1975 890 2042 etiam
912 1973 1043 2061 publice
1066 1972 1298 2055 sanciebant.⁸)

350 2098 454 2166 Sacra
484 2099 586 2182 igItur
615 2099 750 2186 publiea
778 2099 876 2166 iubet
905 2098 1002 2166 Plato
1032 2098 1124 2164 eires
1147 2097 1248 2179 adire,
1281 2096 1310 2162 si
1333 2097 1436 2163 saeri-

255 2205 359 2272 fieare
382 2205 533 2273 habeant
555 2206 590 2271 in
615 2207 737 2290 anImo,
762 2227 850 2293 quae
874 2227 916 2272 ex
940 2206 1013 2273 eius
1035 2205 1248 2272 institutione
1264 2203 1386 2290 partim
1401 2203 1437 2269 in

260 2332 345 2396 aree,
376 2312 498 2399 partim
529 2313 564 2379 in
589 2312 761 2380 duedecim
783 2313 933 2380 tribuum
955 2313 1038 2380 vicis
1062 2312 1129 2378 sIta
1152 2314 1241 2378 sunt.
1286 2311 1337 2378 Ae
1361 2332 1436 2378 eum

258 2419 294 2485 in
323 2439 398 2485 arce
420 2418 558 2503 Vestae,
592 2420 697 2502 Jovis,
734 2419 906 2487 Minervae
940 2418 1066 2506 templa
1095 2419 1235 2486 inducat
1265 2417 1436 2486 aedificari

261 2525 311 2609 (V,
325 2527 445 2611 7453),
469 2528 503 2593 In
527 2527 610 2595 vicis
633 2525 698 2593 illis
720 2531 853 2613 praeter
875 2527 994 2593 horum
1018 2525 1156 2593 deorum
1176 2529 1330 2611 ἀρχηγῶν
1352 2546 1435 2612 que-

235 2639 324 2719 'que
347 2654 444 2699 saera
466 2635 550 2699 strui
573 2633 649 2699 vult
672 2633 767 2716 (VIII,
781 2635 846 2699 848
854 2634 903 2717 D).
958 2720 960 2722 ‚

352 2740 465 2806 Θυσίαι
495 2742 610 2806 autem
640 2739 794 2827 publicae
816 2741 914 2807 Plato
937 2761 1077 2807 numero
1100 2742 1182 2807 anni
1205 2739 1333 2807 dierum
1356 2758 1435 2804 een·

258 2846 435 2912 venienter
457 2844 624 2912 CCCLXV
655 2848 837 2933 quotannis
868 2850 908 2913 ut
934 2846 1025 2930 ,fiant
1055 2848 1217 2935 praecipit
1240 2844 1436 2939 (illusor-A

179 2939 182 2944 ’
255 2960 295 3018 et
317 2952 400 3033 VIII,
414 2953 541 3038 828Β);
573 2954 717 3021 Athenis
747 2954 829 3021 item
861 2954 1016 3022 omnibus
1048 2955 1129 3020 anni
1152 2953 1271 3021 diebus
1295 2957 1434 3039 excepto

259 3080 326 3125 uno
349 3062 464 3132 θυσίας
494 3059 624 3146 pubhee
656 3081 730 3128 esse
758 3062 935 3128 institutas
959 3083 1027 3128 non
1051 3064 1143 3127 earet
1166 3058 1402 3146 probabilitate
1411 3061 1433 3141 ⁴)

254 3166 390 3250 Ἑορτὰς
424 3166 542 3234 deinde
578 3168 759 3236 duodecim.
791 3168 973 3255 quotannis
1008 3165 1168 3233 celebrari
1205 3165 1300 3232 iubet
1337 3164 1434 3231 Plato

255 3272 353 3357 ivm,
368 3273 507 3357 82830)
533 3274 577 3341 ad
600 3274 757 3342 colendos
773 3277 947 3360 ἀρχηγούς,
964 3295 982 3341 e
999 3272 1120 3359 quihus
1136 3271 1245 3338 tribus
1261 3272 1434 3339 duodecim

258 3382 400 3445 teneant
421 3400 553 3449 nomen.
591 3383 771 3449 Praeterea
793 3384 984 3466 ’γυναικείας
999 3380 1121 3465 ἑορτὰς’
1138 3380 1193 3463 agi
1207 3378 1283 3446 vult
1298 3401 1339 3447 ae
1354 3378 1433 3445 dees

255 3485 382 3553 inferos
395 3508 416 3553 a
427 3490 557 3575 superis
572 3489 742 3555 seiunctos
753 3507 870 3554 mense
881 3486 1035 3553 Plutonis
1051 3486 1255 3554 sollemnIter
1269 3486 1432 3555 honorari

346 3592 439 3661 Haec
468 3615 593 3678 magna
623 3615 664 3660 ex
695 3597 791 3682 parte
815 3615 891 3661 eum
914 3593 1171 3661 Atheniensium
1196 3592 1313 3660 diebus
1335 3591 1432 3658 festis

259 3702 435 3767 convenire
465 3701 639 3768 ‘videntur
699 3700 844 3767 Athenis
882 3701 971 3767 enim
1008 3701 1091 3768 item
1129 3699 1270 3785 singulis
1308 3698 1432 3765 mensi-

253 3806 321 3873 bus
356 3807 400 3872 ad
435 3806 515 3874 deos
550 3806 713 3895 quosdam
747 3806 935 3874 laudandos
970 3810 1075 3892 ἑορταὶ
1112 3807 1310 3893 agebantur,
1346 3825 1432 3893 quae

347 4056 365 4126 ¹)
386 4057 450 4113 Seh.
468 4057 543 4128 lips,
563 4056 608 4112 Gr.
627 4056 683 4113 Ait.
702 4057 842 4128 1‚401sq.

347 4145 367 4217 ⁹)
386 4146 451 4203 ibid.
470 4146 578 4212 11‚463;
597 4146 691 4201 Herm.
710 4147 744 4201 de
761 4147 888 4216 vestigiis
906 4146 950 4204 34.

347 4235 365 4305 ³)
385 4236 547 4302 SteIIbaum,
566 4252 593 4292 n.
613 4235 649 4289 ad
667 4235 809 4302 Χ,909Ι);
830 4235 893 4308 Sub.
913 4236 988 4307 Lips,
1008 4236 1053 4292 Gr.
1072 4232 1252 4300 Ait.11‚421.

346 4324 365 4394 ⁴)
384 4324 448 4381 ibid.
467 4325 563 4391 11‚457
575 4341 617 4397 sq.
