<?xml version="1.0" encoding="UTF-8"?>
<!DOCTYPE html PUBLIC "-//W3C//DTD XHTML 1.0 Transitional//EN"
    "http://www.w3.org/TR/xhtml1/DTD/xhtml1-transitional.dtd">
<html xmlns="http://www.w3.org/1999/xhtml" xml:lang="en" lang="en">
 <head>
  <title>
</title>
<meta http-equiv="Content-Type" content="text/html;charset=utf-8" />
  <meta name='ocr-system' content='tesseract 3.04.00' />
  <meta name='ocr-capabilities' content='ocr_page ocr_carea ocr_par ocr_line ocrx_word'/>
</head>
<body>
  <div class='ocr_page' id='page_1' title='image "./quomodoplatoinl00schugoog_0031.png"; bbox 0 0 3292 5017; ppageno 0'>
   <div class='ocr_carea' id='block_1_1' title="bbox 699 398 923 464">
    <p class='ocr_par' dir='ltr' id='par_1_1' title="bbox 699 398 923 464">
     <span class='ocr_line' id='line_1_1' title="bbox 699 398 923 464; baseline -0.009 -18"><span class='ocrx_word' id='word_1_1' title='bbox 699 398 923 464; x_wconf 69' lang='lat'><strong>..27-</strong></span> 
     </span>
    </p>
   </div>
   <div class='ocr_carea' id='block_1_2' title="bbox 187 590 1466 1430">
    <p class='ocr_par' dir='ltr' id='par_1_2' title="bbox 187 590 1466 1430">
     <span class='ocr_line' id='line_1_2' title="bbox 311 590 1398 675; baseline -0.005 -14"><span class='ocrx_word' id='word_1_2' title='bbox 311 595 361 662; x_wconf 91' lang='lat' dir='ltr'><strong>De</strong></span> <span class='ocrx_word' id='word_1_3' title='bbox 379 592 500 660; x_wconf 81' lang='lat' dir='ltr'><strong>officiis</strong></span> <span class='ocrx_word' id='word_1_4' title='bbox 515 595 666 659; x_wconf 91' lang='lat' dir='ltr'><strong>tutorum</strong></span> <span class='ocrx_word' id='word_1_5' title='bbox 681 592 790 658; x_wconf 87' lang='lat' dir='ltr'><strong>fusius</strong></span> <span class='ocrx_word' id='word_1_6' title='bbox 807 590 969 657; x_wconf 77' lang='lat' dir='ltr'><strong>disserere</strong></span> <span class='ocrx_word' id='word_1_7' title='bbox 984 590 1067 656; x_wconf 86' lang='lat' dir='ltr'><strong>nihil</strong></span> <span class='ocrx_word' id='word_1_8' title='bbox 1083 590 1220 675; x_wconf 83' lang='lat' dir='ltr'><strong>attinet3</strong></span> <span class='ocrx_word' id='word_1_9' title='bbox 1241 590 1398 656; x_wconf 87' lang='lat' dir='ltr'><strong>nimirum</strong></span> 
     </span>
     <span class='ocr_line' id='line_1_3' title="bbox 222 697 1431 788; baseline -0.003 -20"><span class='ocrx_word' id='word_1_10' title='bbox 222 700 320 768; x_wconf 91' lang='lat' dir='ltr'><strong>Plato</strong></span> <span class='ocrx_word' id='word_1_11' title='bbox 350 700 525 788; x_wconf 59' lang='lat' dir='ltr'><strong>patriarca</strong></span> <span class='ocrx_word' id='word_1_12' title='bbox 557 702 692 766; x_wconf 87' lang='lat' dir='ltr'><strong>servato</strong></span> <span class='ocrx_word' id='word_1_13' title='bbox 724 720 789 765; x_wconf 91' lang='lat' dir='ltr'><strong>usu</strong></span> <span class='ocrx_word' id='word_1_14' title='bbox 821 700 856 765; x_wconf 91' lang='lat' dir='ltr'><strong>et</strong></span> <span class='ocrx_word' id='word_1_15' title='bbox 886 698 967 785; x_wconf 89' lang='lat' dir='ltr'><strong>ipsis</strong></span> <span class='ocrx_word' id='word_1_16' title='bbox 997 698 1131 784; x_wconf 90' lang='lat' dir='ltr'><strong>pupillis</strong></span> <span class='ocrx_word' id='word_1_17' title='bbox 1154 697 1339 785; x_wconf 80' lang='lat' dir='ltr'><strong>prospicere</strong></span> <span class='ocrx_word' id='word_1_18' title='bbox 1363 700 1431 764; x_wconf 60' lang='lat' dir='ltr'><strong>et⁴</strong></span> 
     </span>
     <span class='ocr_line' id='line_1_4' title="bbox 187 802 1466 895; baseline -0.005 -21"><span class='ocrx_word' id='word_1_19' title='bbox 187 839 188 846; x_wconf 24' lang='grc' dir='ltr'><strong><em>ι</em></strong></span> <span class='ocrx_word' id='word_1_20' title='bbox 224 828 304 895; x_wconf 88' lang='lat' dir='ltr'><strong>opes</strong></span> <span class='ocrx_word' id='word_1_21' title='bbox 328 828 441 874; x_wconf 88' lang='lat' dir='ltr'><strong>eorum</strong></span> <span class='ocrx_word' id='word_1_22' title='bbox 466 809 595 873; x_wconf 89' lang='lat' dir='ltr'><strong>tutores</strong></span> <span class='ocrx_word' id='word_1_23' title='bbox 618 805 713 872; x_wconf 90' lang='lat' dir='ltr'><strong>iubet</strong></span> <span class='ocrx_word' id='word_1_24' title='bbox 741 804 985 889; x_wconf 87' lang='lat' dir='ltr'><strong>administrare,</strong></span> <span class='ocrx_word' id='word_1_25' title='bbox 1017 803 1052 870; x_wconf 93' lang='lat' dir='ltr'><strong>id</strong></span> <span class='ocrx_word' id='word_1_26' title='bbox 1075 804 1163 891; x_wconf 91' lang='lat' dir='ltr'><strong>quod</strong></span> <span class='ocrx_word' id='word_1_27' title='bbox 1186 802 1333 869; x_wconf 87' lang='lat' dir='ltr'><strong>efficitur</strong></span> <span class='ocrx_word' id='word_1_28' title='bbox 1355 824 1403 869; x_wconf 81' lang='lat' dir='ltr'><strong>err</strong></span> <span class='ocrx_word' id='word_1_29' title='bbox 1465 841 1466 844; x_wconf 61' lang='lat'><em>=</em></span> 
     </span>
     <span class='ocr_line' id='line_1_5' title="bbox 223 910 1400 999; baseline -0.004 -19"><span class='ocrx_word' id='word_1_30' title='bbox 223 914 278 999; x_wconf 89' lang='lat' dir='ltr'><strong>IX,</strong></span> <span class='ocrx_word' id='word_1_31' title='bbox 292 914 393 981; x_wconf 78' lang='lat'>8770</span> <span class='ocrx_word' id='word_1_32' title='bbox 416 916 451 980; x_wconf 90' lang='lat' dir='ltr'><strong>et</strong></span> <span class='ocrx_word' id='word_1_33' title='bbox 466 913 520 996; x_wconf 90' lang='lat' dir='ltr'><strong>XI,</strong></span> <span class='ocrx_word' id='word_1_34' title='bbox 529 914 594 979; x_wconf 78' lang='lat'><strong>928</strong></span> <span class='ocrx_word' id='word_1_35' title='bbox 603 915 642 981; x_wconf 90' lang='lat' dir='ltr'><strong>A.</strong></span> <span class='ocrx_word' id='word_1_36' title='bbox 687 911 777 978; x_wconf 91' lang='lat' dir='ltr'><strong>Num</strong></span> <span class='ocrx_word' id='word_1_37' title='bbox 799 932 880 978; x_wconf 88' lang='lat' dir='ltr'><strong>vero</strong></span> <span class='ocrx_word' id='word_1_38' title='bbox 905 914 966 977; x_wconf 88' lang='lat' dir='ltr'><strong>aut</strong></span> <span class='ocrx_word' id='word_1_39' title='bbox 989 913 1158 999; x_wconf 88' lang='lat' dir='ltr'><strong>quatenus</strong></span> <span class='ocrx_word' id='word_1_40' title='bbox 1173 910 1400 977; x_wconf 81' lang='lat' dir='ltr'><strong>Athenienses</strong></span> 
     </span>
     <span class='ocr_line' id='line_1_6' title="bbox 224 1016 1403 1107; baseline -0.005 -19"><span class='ocrx_word' id='word_1_41' title='bbox 224 1022 383 1103; x_wconf 77' lang='lat' dir='ltr'><strong>imitetur,</strong></span> <span class='ocrx_word' id='word_1_42' title='bbox 408 1041 484 1087; x_wconf 90' lang='lat' dir='ltr'><strong>cum</strong></span> <span class='ocrx_word' id='word_1_43' title='bbox 506 1020 701 1107; x_wconf 89' lang='lat' dir='ltr'><strong>praecipiat,</strong></span> <span class='ocrx_word' id='word_1_44' title='bbox 725 1023 765 1085; x_wconf 91' lang='lat' dir='ltr'><strong>ut</strong></span> <span class='ocrx_word' id='word_1_45' title='bbox 781 1019 898 1085; x_wconf 90' lang='lat' dir='ltr'><strong>eodem</strong></span> <span class='ocrx_word' id='word_1_46' title='bbox 921 1019 1025 1104; x_wconf 90' lang='lat' dir='ltr'><strong>atque</strong></span> <span class='ocrx_word' id='word_1_47' title='bbox 1042 1017 1113 1084; x_wconf 91' lang='lat' dir='ltr'><strong>orbi</strong></span> <span class='ocrx_word' id='word_1_48' title='bbox 1135 1017 1235 1083; x_wconf 92' lang='lat' dir='ltr'><strong>modo</strong></span> <span class='ocrx_word' id='word_1_49' title='bbox 1257 1016 1403 1083; x_wconf 76' lang='lat' dir='ltr'><strong>foveas·-</strong></span> 
     </span>
     <span class='ocr_line' id='line_1_7' title="bbox 223 1116 1402 1214; baseline -0.006 -20"><span class='ocrx_word' id='word_1_50' title='bbox 223 1132 279 1194; x_wconf 85' lang='lat' dir='ltr'><strong>tur</strong></span> <span class='ocrx_word' id='word_1_51' title='bbox 311 1127 406 1194; x_wconf 88' lang='lat' dir='ltr'><strong>liberi</strong></span> <span class='ocrx_word' id='word_1_52' title='bbox 437 1147 560 1210; x_wconf 88' lang='lat' dir='ltr'><strong>eorum,</strong></span> <span class='ocrx_word' id='word_1_53' title='bbox 597 1126 654 1214; x_wconf 91' lang='lat' dir='ltr'><strong>qui</strong></span> <span class='ocrx_word' id='word_1_54' title='bbox 685 1130 746 1192; x_wconf 88' lang='lat' dir='ltr'><strong>aut</strong></span> <span class='ocrx_word' id='word_1_55' title='bbox 781 1125 897 1192; x_wconf 86' lang='lat' dir='ltr'><strong>exsilio</strong></span> <span class='ocrx_word' id='word_1_56' title='bbox 932 1128 1091 1212; x_wconf 88' lang='lat' dir='ltr'><strong>perpetuo</strong></span> <span class='ocrx_word' id='word_1_57' title='bbox 1118 1116 1188 1207; x_wconf 73' lang='lat' dir='ltr'><strong>(IX,</strong></span> <span class='ocrx_word' id='word_1_58' title='bbox 1201 1122 1309 1206; x_wconf 77' lang='lat'><strong>8770)</strong></span> <span class='ocrx_word' id='word_1_59' title='bbox 1338 1126 1402 1188; x_wconf 88' lang='lat' dir='ltr'><strong>aut</strong></span> 
     </span>
     <span class='ocr_line' id='line_1_8' title="bbox 225 1229 1400 1321; baseline -0.006 -20"><span class='ocrx_word' id='word_1_60' title='bbox 225 1234 364 1301; x_wconf 88' lang='lat' dir='ltr'><strong>vinculis</strong></span> <span class='ocrx_word' id='word_1_61' title='bbox 387 1255 445 1321; x_wconf 88' lang='lat' dir='ltr'><strong>per</strong></span> <span class='ocrx_word' id='word_1_62' title='bbox 466 1236 576 1300; x_wconf 89' lang='lat' dir='ltr'><strong>totam</strong></span> <span class='ocrx_word' id='word_1_63' title='bbox 600 1234 672 1300; x_wconf 85' lang='lat' dir='ltr'><strong>vita</strong></span> <span class='ocrx_word' id='word_1_64' title='bbox 702 1231 907 1320; x_wconf 82' lang='lat' dir='ltr'><strong>perferendis</strong></span> <span class='ocrx_word' id='word_1_65' title='bbox 930 1232 980 1314; x_wconf 76' lang='lat' dir='ltr'><strong>(X,</strong></span> <span class='ocrx_word' id='word_1_66' title='bbox 994 1230 1138 1315; x_wconf 77' lang='lat' dir='ltr'><strong>909OD)</strong></span> <span class='ocrx_word' id='word_1_67' title='bbox 1161 1230 1297 1297; x_wconf 84' lang='lat' dir='ltr'><strong>multati</strong></span> <span class='ocrx_word' id='word_1_68' title='bbox 1320 1229 1400 1313; x_wconf 88' lang='lat' dir='ltr'><strong>sint,</strong></span> 
     </span>
     <span class='ocr_line' id='line_1_9' title="bbox 223 1340 605 1430; baseline -0.005 -23"><span class='ocrx_word' id='word_1_69' title='bbox 223 1362 353 1430; x_wconf 88' lang='lat' dir='ltr'><strong>nequeo</strong></span> <span class='ocrx_word' id='word_1_70' title='bbox 377 1340 605 1423; x_wconf 74' lang='lat' dir='ltr'><strong>diiudicare.⁴⁸)</strong></span> 
     </span>
    </p>
   </div>
   <div class='ocr_carea' id='block_1_3' title="bbox 653 1536 970 1745">
    <p class='ocr_par' dir='ltr' id='par_1_3' title="bbox 653 1536 970 1745">
     <span class='ocr_line' id='line_1_10' title="bbox 749 1536 881 1624; baseline 0 -22"><span class='ocrx_word' id='word_1_71' title='bbox 749 1536 826 1624; x_wconf 79' lang='lat' dir='ltr'><strong>Gap.</strong></span> <span class='ocrx_word' id='word_1_72' title='bbox 844 1536 881 1602; x_wconf 92' lang='lat' dir='ltr'><strong>V.</strong></span> 
     </span>
     <span class='ocr_line' id='line_1_11' title="bbox 653 1662 970 1745; baseline -0.006 -1"><span class='ocrx_word' id='word_1_73' title='bbox 653 1663 704 1745; x_wconf 80' lang='lat' dir='ltr'><strong>nc</strong></span> <span class='ocrx_word' id='word_1_74' title='bbox 734 1683 776 1745; x_wconf 88' lang='lat' dir='ltr'><strong>re</strong></span> <span class='ocrx_word' id='word_1_75' title='bbox 804 1662 970 1744; x_wconf 82' lang='lat' dir='ltr'><strong>militari.</strong></span> 
     </span>
    </p>
   </div>
   <div class='ocr_carea' id='block_1_4' title="bbox 223 1817 1405 2978">
    <p class='ocr_par' dir='ltr' id='par_1_4' title="bbox 223 1817 1405 2549">
     <span class='ocr_line' id='line_1_12' title="bbox 255 1817 1405 1909; baseline -0.006 -18"><span class='ocrx_word' id='word_1_76' title='bbox 255 1835 257 1839; x_wconf 82' lang='grc'>’</span> <span class='ocrx_word' id='word_1_77' title='bbox 311 1821 361 1890; x_wconf 87' lang='lat' dir='ltr'><strong>IV</strong></span> <span class='ocrx_word' id='word_1_78' title='bbox 363 1875 371 1908; x_wconf 92' lang='lat'><strong>,</strong></span> <span class='ocrx_word' id='word_1_79' title='bbox 385 1822 485 1888; x_wconf 78' lang='lat' dir='ltr'><strong>706ss</strong></span> <span class='ocrx_word' id='word_1_80' title='bbox 502 1844 545 1889; x_wconf 90' lang='lat' dir='ltr'><strong>ss.</strong></span> <span class='ocrx_word' id='word_1_81' title='bbox 584 1822 757 1909; x_wconf 92' lang='lat' dir='ltr'><strong>opprobrio</strong></span> <span class='ocrx_word' id='word_1_82' title='bbox 795 1822 939 1889; x_wconf 90' lang='lat' dir='ltr'><strong>vertitur</strong></span> <span class='ocrx_word' id='word_1_83' title='bbox 983 1819 1262 1900; x_wconf 84' lang='lat' dir='ltr'><strong>Atheniensibus,</strong></span> <span class='ocrx_word' id='word_1_84' title='bbox 1310 1817 1405 1905; x_wconf 91' lang='lat' dir='ltr'><strong>quod</strong></span> 
     </span>
     <span class='ocr_line' id='line_1_13' title="bbox 223 1926 1403 2016; baseline -0.003 -22"><span class='ocrx_word' id='word_1_85' title='bbox 223 1949 330 1996; x_wconf 88' lang='lat' dir='ltr'><strong>naves</strong></span> <span class='ocrx_word' id='word_1_86' title='bbox 353 1928 549 2016; x_wconf 81' lang='lat' dir='ltr'><strong>possideant</strong></span> <span class='ocrx_word' id='word_1_87' title='bbox 570 1928 689 2013; x_wconf 79' lang='lat' dir='ltr'><strong>longas</strong></span> <span class='ocrx_word' id='word_1_88' title='bbox 714 1934 748 1996; x_wconf 92' lang='lat' dir='ltr'><strong>et</strong></span> <span class='ocrx_word' id='word_1_89' title='bbox 772 1950 814 1995; x_wconf 87' lang='lat' dir='ltr'><strong>ex</strong></span> <span class='ocrx_word' id='word_1_90' title='bbox 837 1927 1005 2016; x_wconf 88' lang='lat' dir='ltr'><strong>peditibus</strong></span> <span class='ocrx_word' id='word_1_91' title='bbox 1030 1927 1192 1995; x_wconf 87' lang='lat' dir='ltr'><strong>classiarii</strong></span> <span class='ocrx_word' id='word_1_92' title='bbox 1213 1926 1297 1992; x_wconf 86' lang='lat' dir='ltr'><strong>facti</strong></span> <span class='ocrx_word' id='word_1_93' title='bbox 1320 1926 1403 2011; x_wconf 89' lang='lat' dir='ltr'><strong>sint,</strong></span> 
     </span>
     <span class='ocr_line' id='line_1_14' title="bbox 224 2031 1401 2122; baseline -0.002 -21"><span class='ocrx_word' id='word_1_94' title='bbox 224 2034 313 2102; x_wconf 91' lang='lat' dir='ltr'><strong>unde</strong></span> <span class='ocrx_word' id='word_1_95' title='bbox 337 2037 462 2122; x_wconf 90' lang='lat' dir='ltr'><strong>optimo</strong></span> <span class='ocrx_word' id='word_1_96' title='bbox 485 2037 556 2103; x_wconf 88' lang='lat' dir='ltr'><strong>iure</strong></span> <span class='ocrx_word' id='word_1_97' title='bbox 589 2035 739 2121; x_wconf 80' lang='lat' dir='ltr'><strong>colligere</strong></span> <span class='ocrx_word' id='word_1_98' title='bbox 762 2035 841 2102; x_wconf 89' lang='lat' dir='ltr'><strong>licet</strong></span> <span class='ocrx_word' id='word_1_99' title='bbox 869 2035 970 2122; x_wconf 89' lang='lat' dir='ltr'><strong>copiis</strong></span> <span class='ocrx_word' id='word_1_100' title='bbox 994 2033 1173 2101; x_wconf 88' lang='lat' dir='ltr'><strong>navalibus</strong></span> <span class='ocrx_word' id='word_1_101' title='bbox 1196 2034 1232 2099; x_wconf 94' lang='lat' dir='ltr'><strong>in</strong></span> <span class='ocrx_word' id='word_1_102' title='bbox 1254 2031 1401 2116; x_wconf 82' lang='lat' dir='ltr'><strong>Legibus</strong></span> 
     </span>
     <span class='ocr_line' id='line_1_15' title="bbox 224 2139 1401 2225; baseline -0.003 -17"><span class='ocrx_word' id='word_1_103' title='bbox 224 2142 353 2209; x_wconf 90' lang='lat' dir='ltr'><strong>nullum</strong></span> <span class='ocrx_word' id='word_1_104' title='bbox 375 2141 486 2210; x_wconf 91' lang='lat' dir='ltr'><strong>locum</strong></span> <span class='ocrx_word' id='word_1_105' title='bbox 509 2143 653 2210; x_wconf 88' lang='lat' dir='ltr'><strong>concedi.</strong></span> <span class='ocrx_word' id='word_1_106' title='bbox 692 2141 775 2209; x_wconf 85' lang='lat' dir='ltr'><strong>Vult</strong></span> <span class='ocrx_word' id='word_1_107' title='bbox 797 2143 899 2225; x_wconf 84' lang='lat' dir='ltr'><strong>igitur</strong></span> <span class='ocrx_word' id='word_1_108' title='bbox 913 2142 1011 2208; x_wconf 92' lang='lat' dir='ltr'><strong>Plato</strong></span> <span class='ocrx_word' id='word_1_109' title='bbox 1035 2142 1183 2209; x_wconf 89' lang='lat' dir='ltr'><strong>civitatis</strong></span> <span class='ocrx_word' id='word_1_110' title='bbox 1207 2139 1401 2210; x_wconf 88' lang='lat' dir='ltr'><strong>condendae</strong></span> 
     </span>
     <span class='ocr_line' id='line_1_16' title="bbox 225 2246 1402 2337; baseline -0.003 -22"><span class='ocrx_word' id='word_1_111' title='bbox 225 2251 406 2316; x_wconf 87' lang='lat' dir='ltr'><strong>exercitum</strong></span> <span class='ocrx_word' id='word_1_112' title='bbox 430 2271 473 2316; x_wconf 86' lang='lat' dir='ltr'><strong>ex</strong></span> <span class='ocrx_word' id='word_1_113' title='bbox 495 2249 664 2337; x_wconf 90' lang='lat' dir='ltr'><strong>peditibus</strong></span> <span class='ocrx_word' id='word_1_114' title='bbox 687 2253 723 2316; x_wconf 91' lang='lat' dir='ltr'><strong>et</strong></span> <span class='ocrx_word' id='word_1_115' title='bbox 739 2249 908 2337; x_wconf 89' lang='lat' dir='ltr'><strong>equitibus</strong></span> <span class='ocrx_word' id='word_1_116' title='bbox 925 2252 1079 2316; x_wconf 83' lang='lat' dir='ltr'><strong>constare</strong></span> <span class='ocrx_word' id='word_1_117' title='bbox 1095 2270 1135 2315; x_wconf 85' lang='lat' dir='ltr'><strong>ac</strong></span> <span class='ocrx_word' id='word_1_118' title='bbox 1150 2248 1278 2335; x_wconf 86' lang='lat' dir='ltr'><strong>patriae</strong></span> <span class='ocrx_word' id='word_1_119' title='bbox 1302 2246 1402 2313; x_wconf 91' lang='lat' dir='ltr'><strong>rebus</strong></span> 
     </span>
     <span class='ocr_line' id='line_1_17' title="bbox 225 2354 1402 2444; baseline -0.003 -23"><span class='ocrx_word' id='word_1_120' title='bbox 225 2357 397 2440; x_wconf 78' lang='lat' dir='ltr'><strong>servatis1)</strong></span> <span class='ocrx_word' id='word_1_121' title='bbox 421 2373 479 2444; x_wconf 91' lang='lat' dir='ltr'><strong>pro</strong></span> <span class='ocrx_word' id='word_1_122' title='bbox 503 2359 599 2423; x_wconf 89' lang='lat' dir='ltr'><strong>varia</strong></span> <span class='ocrx_word' id='word_1_123' title='bbox 621 2357 765 2423; x_wconf 89' lang='lat' dir='ltr'><strong>militum</strong></span> <span class='ocrx_word' id='word_1_124' title='bbox 788 2359 902 2423; x_wconf 88' lang='lat' dir='ltr'><strong>aetate</strong></span> <span class='ocrx_word' id='word_1_125' title='bbox 929 2357 966 2422; x_wconf 91' lang='lat' dir='ltr'><strong>in</strong></span> <span class='ocrx_word' id='word_1_126' title='bbox 988 2356 1101 2423; x_wconf 88' lang='lat' dir='ltr'><strong>varias</strong></span> <span class='ocrx_word' id='word_1_127' title='bbox 1125 2354 1257 2422; x_wconf 89' lang='lat' dir='ltr'><strong>discribi</strong></span> <span class='ocrx_word' id='word_1_128' title='bbox 1279 2356 1402 2439; x_wconf 80' lang='grc' dir='ltr'><strong><em>ἡλικίας</em></strong></span> 
     </span>
     <span class='ocr_line' id='line_1_18' title="bbox 226 2461 559 2549; baseline 0.006 -21"><span class='ocrx_word' id='word_1_129' title='bbox 226 2461 290 2546; x_wconf 75' lang='lat' dir='ltr'><strong>(Vl,</strong></span> <span class='ocrx_word' id='word_1_130' title='bbox 305 2462 418 2549; x_wconf 75' lang='lat'><strong>753133</strong></span> <span class='ocrx_word' id='word_1_131' title='bbox 443 2461 559 2547; x_wconf 80' lang='lat'><strong>7550).</strong></span> 
     </span>
    </p>

    <p class='ocr_par' dir='ltr' id='par_1_5' title="bbox 224 2566 1404 2978">
     <span class='ocr_line' id='line_1_19' title="bbox 314 2566 1401 2656; baseline -0.002 -21"><span class='ocrx_word' id='word_1_132' title='bbox 314 2569 380 2637; x_wconf 90' lang='lat' dir='ltr'><strong>Sed</strong></span> <span class='ocrx_word' id='word_1_133' title='bbox 418 2591 494 2637; x_wconf 92' lang='lat' dir='ltr'><strong>cum</strong></span> <span class='ocrx_word' id='word_1_134' title='bbox 532 2570 789 2637; x_wconf 85' lang='lat' dir='ltr'><strong>Atheniensium</strong></span> <span class='ocrx_word' id='word_1_135' title='bbox 828 2570 1010 2653; x_wconf 87' lang='lat' dir='ltr'><strong>exercitum</strong></span> <span class='ocrx_word' id='word_1_136' title='bbox 1057 2569 1280 2656; x_wconf 83' lang='lat' dir='ltr'><strong>quadraginta</strong></span> <span class='ocrx_word' id='word_1_137' title='bbox 1314 2566 1401 2634; x_wconf 89' lang='lat' dir='ltr'><strong>duas</strong></span> 
     </span>
     <span class='ocr_line' id='line_1_20' title="bbox 224 2676 1403 2764; baseline -0.003 -21"><span class='ocrx_word' id='word_1_138' title='bbox 224 2680 345 2761; x_wconf 77' lang='grc' dir='ltr'><strong><em>ἡλικίας</em></strong></span> <span class='ocrx_word' id='word_1_139' title='bbox 369 2678 575 2744; x_wconf 88' lang='lat' dir='ltr'><strong>continuisse</strong></span> <span class='ocrx_word' id='word_1_140' title='bbox 599 2681 740 2761; x_wconf 90' lang='lat' dir='ltr'><strong>constet,</strong></span> <span class='ocrx_word' id='word_1_141' title='bbox 764 2677 862 2744; x_wconf 89' lang='lat' dir='ltr'><strong>Plato</strong></span> <span class='ocrx_word' id='word_1_142' title='bbox 885 2676 1109 2764; x_wconf 84' lang='lat' dir='ltr'><strong>quadraginta</strong></span> <span class='ocrx_word' id='word_1_143' title='bbox 1123 2676 1246 2742; x_wconf 90' lang='lat' dir='ltr'><strong>statuit</strong></span> <span class='ocrx_word' id='word_1_144' title='bbox 1268 2677 1403 2760; x_wconf 68' lang='grc' dir='ltr'><strong>ἡλικίας,</strong></span> 
     </span>
     <span class='ocr_line' id='line_1_21' title="bbox 226 2783 1400 2871; baseline -0.002 -22"><span class='ocrx_word' id='word_1_145' title='bbox 226 2784 385 2871; x_wconf 87' lang='lat' dir='ltr'><strong>quoniam</strong></span> <span class='ocrx_word' id='word_1_146' title='bbox 410 2805 486 2850; x_wconf 90' lang='lat' dir='ltr'><strong>cum</strong></span> <span class='ocrx_word' id='word_1_147' title='bbox 501 2783 764 2851; x_wconf 90' lang='lat' dir='ltr'><strong>Atheniensibus</strong></span> <span class='ocrx_word' id='word_1_148' title='bbox 788 2786 956 2851; x_wconf 90' lang='lat' dir='ltr'><strong>consentit</strong></span> <span class='ocrx_word' id='word_1_149' title='bbox 971 2784 1029 2867; x_wconf 88' lang='lat' dir='ltr'><strong>ita,</strong></span> <span class='ocrx_word' id='word_1_150' title='bbox 1052 2787 1092 2850; x_wconf 90' lang='lat' dir='ltr'><strong>ut</strong></span> <span class='ocrx_word' id='word_1_151' title='bbox 1114 2784 1204 2850; x_wconf 91' lang='lat' dir='ltr'><strong>cives</strong></span> <span class='ocrx_word' id='word_1_152' title='bbox 1228 2783 1400 2865; x_wconf 85' lang='lat' dir='ltr'><strong>sexagesi-</strong></span> 
     </span>
     <span class='ocr_line' id='line_1_22' title="bbox 224 2887 1404 2978; baseline 0 -23"><span class='ocrx_word' id='word_1_153' title='bbox 224 2911 317 2957; x_wconf 90' lang='lat' dir='ltr'><strong>mum</strong></span> <span class='ocrx_word' id='word_1_154' title='bbox 340 2890 464 2960; x_wconf 88' lang='lat' dir='ltr'><strong>aetatis</strong></span> <span class='ocrx_word' id='word_1_155' title='bbox 488 2911 615 2957; x_wconf 89' lang='lat' dir='ltr'><strong>annum</strong></span> <span class='ocrx_word' id='word_1_156' title='bbox 639 2912 790 2975; x_wconf 82' lang='lat' dir='ltr'><strong>egressos</strong></span> <span class='ocrx_word' id='word_1_157' title='bbox 813 2912 882 2957; x_wconf 90' lang='lat' dir='ltr'><strong>non</strong></span> <span class='ocrx_word' id='word_1_158' title='bbox 904 2890 1033 2957; x_wconf 86' lang='lat' dir='ltr'><strong>iamed</strong></span> <span class='ocrx_word' id='word_1_159' title='bbox 1056 2890 1222 2978; x_wconf 88' lang='lat' dir='ltr'><strong>stipendia</strong></span> <span class='ocrx_word' id='word_1_160' title='bbox 1245 2887 1404 2956; x_wconf 85' lang='lat' dir='ltr'><strong>facienda</strong></span> 
     </span>
    </p>
   </div>
   <div class='ocr_carea' id='block_1_5' title="bbox 130 2996 1400 3084">
    <p class='ocr_par' dir='ltr' id='par_1_6' title="bbox 130 2996 1400 3084">
     <span class='ocr_line' id='line_1_23' title="bbox 130 2996 1400 3084; baseline -0.002 -21"><span class='ocrx_word' id='word_1_161' title='bbox 130 3025 133 3033; x_wconf 95' lang='lat'>·</span> <span class='ocrx_word' id='word_1_162' title='bbox 225 2996 376 3064; x_wconf 90' lang='lat' dir='ltr'><strong>adhiberi</strong></span> <span class='ocrx_word' id='word_1_163' title='bbox 398 2996 515 3064; x_wconf 90' lang='lat' dir='ltr'><strong>iubeat</strong></span> <span class='ocrx_word' id='word_1_164' title='bbox 539 2998 601 3080; x_wconf 77' lang='lat' dir='ltr'><strong>(Vl.</strong></span> <span class='ocrx_word' id='word_1_165' title='bbox 615 2997 735 3084; x_wconf 76' lang='lat'><strong>78513),</strong></span> <span class='ocrx_word' id='word_1_166' title='bbox 768 2998 925 3065; x_wconf 90' lang='lat' dir='ltr'><strong>dissentit</strong></span> <span class='ocrx_word' id='word_1_167' title='bbox 946 2999 1006 3080; x_wconf 85' lang='lat' dir='ltr'><strong>ita,</strong></span> <span class='ocrx_word' id='word_1_168' title='bbox 1036 3001 1076 3064; x_wconf 90' lang='lat' dir='ltr'><strong>ut</strong></span> <span class='ocrx_word' id='word_1_169' title='bbox 1098 2997 1333 3065; x_wconf 81' lang='lat' dir='ltr'><strong>adulescentes</strong></span> <span class='ocrx_word' id='word_1_170' title='bbox 1356 3032 1400 3045; x_wconf 90' lang='lat'>-</span> 
     </span>
    </p>
   </div>
   <div class='ocr_carea' id='block_1_6' title="bbox 225 3103 1403 3619">
    <p class='ocr_par' dir='ltr' id='par_1_7' title="bbox 225 3103 1401 3295">
     <span class='ocr_line' id='line_1_24' title="bbox 225 3103 1401 3189; baseline -0.001 -20"><span class='ocrx_word' id='word_1_171' title='bbox 225 3124 293 3170; x_wconf 90' lang='lat' dir='ltr'><strong>non</strong></span> <span class='ocrx_word' id='word_1_172' title='bbox 317 3103 589 3171; x_wconf 88' lang='lat' dir='ltr'><strong>duodevicesium</strong></span> <span class='ocrx_word' id='word_1_173' title='bbox 611 3104 670 3171; x_wconf 96' lang='lat' dir='ltr'><strong>sed</strong></span> <span class='ocrx_word' id='word_1_174' title='bbox 686 3141 728 3153; x_wconf 50' lang='grc' dir='ltr'><em>ν</em></span> <span class='ocrx_word' id='word_1_175' title='bbox 744 3105 942 3172; x_wconf 60' lang='lat' dir='ltr'><strong>acosimum</strong></span> <span class='ocrx_word' id='word_1_176' title='bbox 958 3105 1093 3171; x_wconf 91' lang='lat' dir='ltr'><strong>demum</strong></span> <span class='ocrx_word' id='word_1_177' title='bbox 1108 3112 1248 3189; x_wconf 82' lang='lat' dir='ltr'><strong>agentes</strong></span> <span class='ocrx_word' id='word_1_178' title='bbox 1273 3122 1401 3169; x_wconf 86' lang='lat' dir='ltr'><strong>annum</strong></span> 
     </span>
     <span class='ocr_line' id='line_1_25' title="bbox 226 3211 689 3295; baseline 0.004 -19"><span class='ocrx_word' id='word_1_179' title='bbox 226 3211 386 3277; x_wconf 86' lang='lat' dir='ltr'><strong>exercitui</strong></span> <span class='ocrx_word' id='word_1_180' title='bbox 409 3211 551 3278; x_wconf 86' lang='lat' dir='ltr'><strong>adscribi</strong></span> <span class='ocrx_word' id='word_1_181' title='bbox 573 3211 689 3295; x_wconf 66' lang='lat' dir='ltr'><strong>velita</strong></span> 
     </span>
    </p>

    <p class='ocr_par' dir='ltr' id='par_1_8' title="bbox 225 3315 1403 3619">
     <span class='ocr_line' id='line_1_26' title="bbox 313 3315 1402 3405; baseline -0.001 -21"><span class='ocrx_word' id='word_1_182' title='bbox 313 3316 385 3384; x_wconf 84' lang='lat' dir='ltr'><strong>Iam</strong></span> <span class='ocrx_word' id='word_1_183' title='bbox 422 3339 502 3386; x_wconf 84' lang='lat' dir='ltr'><strong>vero</strong></span> <span class='ocrx_word' id='word_1_184' title='bbox 541 3322 602 3385; x_wconf 80' lang='lat' dir='ltr'><strong>aut</strong></span> <span class='ocrx_word' id='word_1_185' title='bbox 639 3328 832 3405; x_wconf 84' lang='grc' dir='ltr'><strong><em>πανστρατιᾷ</em></strong></span> <span class='ocrx_word' id='word_1_186' title='bbox 869 3323 931 3386; x_wconf 85' lang='lat' dir='ltr'><strong>aut</strong></span> <span class='ocrx_word' id='word_1_187' title='bbox 954 3322 990 3385; x_wconf 78' lang='grc' dir='ltr'><strong>ἐκ</strong></span> <span class='ocrx_word' id='word_1_188' title='bbox 1013 3320 1220 3402; x_wconf 57' lang='grc' dir='ltr'><strong><em>καιαλόγουθ)</em></strong></span> <span class='ocrx_word' id='word_1_189' title='bbox 1255 3315 1402 3384; x_wconf 82' lang='lat' dir='ltr'><strong>Athenis</strong></span> 
     </span>
     <span class='ocr_line' id='line_1_27' title="bbox 226 3424 1403 3514; baseline 0 -23"><span class='ocrx_word' id='word_1_190' title='bbox 226 3425 341 3510; x_wconf 86' lang='lat' dir='ltr'><strong>copiae</strong></span> <span class='ocrx_word' id='word_1_191' title='bbox 363 3425 399 3491; x_wconf 92' lang='lat' dir='ltr'><strong>in</strong></span> <span class='ocrx_word' id='word_1_192' title='bbox 430 3424 555 3492; x_wconf 90' lang='lat' dir='ltr'><strong>bellum</strong></span> <span class='ocrx_word' id='word_1_193' title='bbox 577 3426 809 3510; x_wconf 87' lang='lat' dir='ltr'><strong>mittebantur,</strong></span> <span class='ocrx_word' id='word_1_194' title='bbox 843 3432 942 3514; x_wconf 91' lang='lat' dir='ltr'><strong>prout</strong></span> <span class='ocrx_word' id='word_1_195' title='bbox 972 3430 1033 3494; x_wconf 90' lang='lat' dir='ltr'><strong>aut</strong></span> <span class='ocrx_word' id='word_1_196' title='bbox 1063 3446 1179 3493; x_wconf 91' lang='lat' dir='ltr'><strong>omnes</strong></span> <span class='ocrx_word' id='word_1_197' title='bbox 1201 3428 1316 3510; x_wconf 79' lang='grc' dir='ltr'><strong><em>ἡλικίαι</em></strong></span> <span class='ocrx_word' id='word_1_198' title='bbox 1340 3427 1403 3491; x_wconf 89' lang='lat' dir='ltr'><strong>aut</strong></span> 
     </span>
     <span class='ocr_line' id='line_1_28' title="bbox 225 3533 866 3619; baseline 0.002 -20"><span class='ocrx_word' id='word_1_199' title='bbox 225 3552 302 3619; x_wconf 84' lang='lat' dir='ltr'><strong>pars</strong></span> <span class='ocrx_word' id='word_1_200' title='bbox 326 3552 443 3597; x_wconf 87' lang='lat' dir='ltr'><strong>earum</strong></span> <span class='ocrx_word' id='word_1_201' title='bbox 466 3533 509 3599; x_wconf 89' lang='lat' dir='ltr'><strong>ad</strong></span> <span class='ocrx_word' id='word_1_202' title='bbox 532 3554 627 3601; x_wconf 87' lang='lat' dir='ltr'><strong>arma</strong></span> <span class='ocrx_word' id='word_1_203' title='bbox 648 3533 866 3601; x_wconf 89' lang='lat' dir='ltr'><strong>vocabantur.</strong></span> 
     </span>
    </p>
   </div>
   <div class='ocr_carea' id='block_1_7' title="bbox 225 3709 1403 4403">
    <p class='ocr_par' dir='ltr' id='par_1_9' title="bbox 314 3709 1348 3780">
     <span class='ocr_line' id='line_1_29' title="bbox 314 3709 1348 3780; baseline 0.002 -16"><span class='ocrx_word' id='word_1_204' title='bbox 314 3710 345 3780; x_wconf 66' lang='lat'><strong>⁴²)</strong></span> <span class='ocrx_word' id='word_1_205' title='bbox 364 3711 428 3767; x_wconf 89' lang='lat' dir='ltr'><strong>ibid.</strong></span> <span class='ocrx_word' id='word_1_206' title='bbox 442 3711 552 3778; x_wconf 79' lang='lat'><strong>11,199;</strong></span> <span class='ocrx_word' id='word_1_207' title='bbox 571 3711 630 3767; x_wconf 87' lang='lat' dir='ltr'><strong>Att.</strong></span> <span class='ocrx_word' id='word_1_208' title='bbox 644 3711 724 3767; x_wconf 92' lang='lat' dir='ltr'><strong>Proc.</strong></span> <span class='ocrx_word' id='word_1_209' title='bbox 739 3711 805 3779; x_wconf 78' lang='lat'><strong>5563</strong></span> <span class='ocrx_word' id='word_1_210' title='bbox 827 3712 1000 3777; x_wconf 88' lang='lat' dir='ltr'><strong>Schulthcss‚</strong></span> <span class='ocrx_word' id='word_1_211' title='bbox 1019 3711 1223 3767; x_wconf 81' lang='lat' dir='ltr'><strong>Vormundscb,</strong></span> <span class='ocrx_word' id='word_1_212' title='bbox 1237 3711 1280 3766; x_wconf 58' lang='grc' dir='ltr'><strong>ὦ.</strong></span> <span class='ocrx_word' id='word_1_213' title='bbox 1344 3709 1348 3715; x_wconf 82' lang='grc'><strong>’</strong></span> 
     </span>
    </p>

    <p class='ocr_par' dir='ltr' id='par_1_10' title="bbox 314 3799 539 3869">
     <span class='ocr_line' id='line_1_30' title="bbox 314 3799 539 3869; baseline 0.009 -16"><span class='ocrx_word' id='word_1_214' title='bbox 314 3799 345 3869; x_wconf 83' lang='lat'><strong>⁴⁸)</strong></span> <span class='ocrx_word' id='word_1_215' title='bbox 365 3800 400 3856; x_wconf 84' lang='lat' dir='ltr'><strong>cf.</strong></span> <span class='ocrx_word' id='word_1_216' title='bbox 419 3800 483 3856; x_wconf 87' lang='lat' dir='ltr'><strong>ibid.</strong></span> <span class='ocrx_word' id='word_1_217' title='bbox 496 3799 539 3855; x_wconf 87' lang='lat'><strong>40.</strong></span> 
     </span>
    </p>

    <p class='ocr_par' dir='ltr' id='par_1_11' title="bbox 327 3888 1109 3961">
     <span class='ocr_line' id='line_1_31' title="bbox 327 3888 1109 3961; baseline 0.004 -18"><span class='ocrx_word' id='word_1_218' title='bbox 327 3888 346 3959; x_wconf 75' lang='lat'><strong>¹)</strong></span> <span class='ocrx_word' id='word_1_219' title='bbox 365 3889 434 3944; x_wconf 86' lang='lat' dir='ltr'><strong>Gilb.</strong></span> <span class='ocrx_word' id='word_1_220' title='bbox 455 3889 599 3945; x_wconf 84' lang='lat' dir='ltr'><strong>Staatsalt.</strong></span> <span class='ocrx_word' id='word_1_221' title='bbox 613 3889 697 3961; x_wconf 48' lang='lat' dir='ltr'><strong>I,‚853</strong></span> <span class='ocrx_word' id='word_1_222' title='bbox 707 3906 762 3960; x_wconf 92' lang='lat' dir='ltr'><strong>sq.;</strong></span> <span class='ocrx_word' id='word_1_223' title='bbox 781 3890 847 3944; x_wconf 82' lang='lat' dir='ltr'><strong>Bus,</strong></span> <span class='ocrx_word' id='word_1_224' title='bbox 862 3891 902 3944; x_wconf 87' lang='lat' dir='ltr'><strong>St.</strong></span> <span class='ocrx_word' id='word_1_225' title='bbox 915 3907 942 3944; x_wconf 89' lang='lat' dir='ltr'><strong>u.</strong></span> <span class='ocrx_word' id='word_1_226' title='bbox 955 3890 989 3944; x_wconf 87' lang='lat' dir='ltr'><strong>R.</strong></span> <span class='ocrx_word' id='word_1_227' title='bbox 1002 3890 1035 3945; x_wconf 91' lang='lat' dir='ltr'><strong>A.</strong></span> <span class='ocrx_word' id='word_1_228' title='bbox 1048 3889 1109 3947; x_wconf 82' lang='grc'><strong>308.</strong></span> 
     </span>
    </p>

    <p class='ocr_par' dir='ltr' id='par_1_12' title="bbox 225 3977 1403 4312">
     <span class='ocr_line' id='line_1_32' title="bbox 328 3977 1403 4048; baseline 0 -17"><span class='ocrx_word' id='word_1_229' title='bbox 328 3977 347 4048; x_wconf 73' lang='lat'><strong>⁹)</strong></span> <span class='ocrx_word' id='word_1_230' title='bbox 367 3977 525 4032; x_wconf 83' lang='lat' dir='ltr'><strong>Hermanno</strong></span> <span class='ocrx_word' id='word_1_231' title='bbox 546 3978 589 4047; x_wconf 82' lang='lat' dir='ltr'><strong>(de</strong></span> <span class='ocrx_word' id='word_1_232' title='bbox 615 3978 741 4048; x_wconf 79' lang='lat' dir='ltr'><strong>vestigiis</strong></span> <span class='ocrx_word' id='word_1_233' title='bbox 759 3978 795 4033; x_wconf 81' lang='lat'><strong>38</strong></span> <span class='ocrx_word' id='word_1_234' title='bbox 812 3995 839 4034; x_wconf 92' lang='lat' dir='ltr'><strong>n.</strong></span> <span class='ocrx_word' id='word_1_235' title='bbox 855 3977 914 4048; x_wconf 77' lang='lat'><strong>146)</strong></span> <span class='ocrx_word' id='word_1_236' title='bbox 933 3978 1018 4048; x_wconf 82' lang='lat' dir='ltr'><strong>igitur</strong></span> <span class='ocrx_word' id='word_1_237' title='bbox 1045 3978 1227 4033; x_wconf 86' lang='lat' dir='ltr'><strong>contendenti</strong></span> <span class='ocrx_word' id='word_1_238' title='bbox 1253 3978 1403 4031; x_wconf 83' lang='lat' dir='ltr'><strong>militarem</strong></span> 
     </span>
     <span class='ocr_line' id='line_1_33' title="bbox 225 4066 1402 4139; baseline 0 -20"><span class='ocrx_word' id='word_1_239' title='bbox 225 4068 349 4121; x_wconf 86' lang='lat' dir='ltr'><strong>aetatem</strong></span> <span class='ocrx_word' id='word_1_240' title='bbox 367 4067 441 4136; x_wconf 87' lang='lat' dir='ltr'><strong>apud</strong></span> <span class='ocrx_word' id='word_1_241' title='bbox 451 4066 637 4121; x_wconf 84' lang='lat' dir='ltr'><strong>Athenienses</strong></span> <span class='ocrx_word' id='word_1_242' title='bbox 654 4067 753 4122; x_wconf 88' lang='lat' dir='ltr'><strong>iisdem</strong></span> <span class='ocrx_word' id='word_1_243' title='bbox 766 4068 866 4139; x_wconf 88' lang='lat' dir='ltr'><strong>quibus</strong></span> <span class='ocrx_word' id='word_1_244' title='bbox 884 4068 958 4137; x_wconf 85' lang='lat' dir='ltr'><strong>apud</strong></span> <span class='ocrx_word' id='word_1_245' title='bbox 967 4067 1117 4123; x_wconf 84' lang='lat' dir='ltr'><strong>Platonem</strong></span> <span class='ocrx_word' id='word_1_246' title='bbox 1128 4067 1254 4122; x_wconf 88' lang='lat' dir='ltr'><strong>terminis</strong></span> <span class='ocrx_word' id='word_1_247' title='bbox 1266 4066 1402 4120; x_wconf 88' lang='lat' dir='ltr'><strong>inclusam</strong></span> 
     </span>
     <span class='ocr_line' id='line_1_34' title="bbox 225 4153 1402 4227; baseline -0.001 -18"><span class='ocrx_word' id='word_1_248' title='bbox 225 4154 313 4209; x_wconf 79' lang='lat' dir='ltr'><strong>fuisse</strong></span> <span class='ocrx_word' id='word_1_249' title='bbox 330 4155 371 4209; x_wconf 83' lang='lat' dir='ltr'><strong>ita</strong></span> <span class='ocrx_word' id='word_1_250' title='bbox 388 4158 500 4209; x_wconf 83' lang='lat' dir='ltr'><strong>tantum</strong></span> <span class='ocrx_word' id='word_1_251' title='bbox 512 4155 641 4210; x_wconf 86' lang='lat' dir='ltr'><strong>assentiri</strong></span> <span class='ocrx_word' id='word_1_252' title='bbox 659 4171 783 4225; x_wconf 84' lang='lat' dir='ltr'><strong>possum,</strong></span> <span class='ocrx_word' id='word_1_253' title='bbox 801 4161 834 4209; x_wconf 88' lang='lat' dir='ltr'><strong>ut</strong></span> <span class='ocrx_word' id='word_1_254' title='bbox 852 4153 965 4226; x_wconf 74' lang='grc' dir='ltr'><strong>ἐφήβους</strong></span> <span class='ocrx_word' id='word_1_255' title='bbox 975 4173 1034 4211; x_wconf 93' lang='lat' dir='ltr'><strong>non</strong></span> <span class='ocrx_word' id='word_1_256' title='bbox 1052 4155 1191 4227; x_wconf 85' lang='lat' dir='ltr'><strong>stipendia</strong></span> <span class='ocrx_word' id='word_1_257' title='bbox 1202 4156 1280 4225; x_wconf 92' lang='lat' dir='ltr'><strong>ipsos</strong></span> <span class='ocrx_word' id='word_1_258' title='bbox 1292 4154 1402 4218; x_wconf 82' lang='lat' dir='ltr'><strong>iecisse,</strong></span> 
     </span>
     <span class='ocr_line' id='line_1_35' title="bbox 226 4243 1326 4312; baseline 0.001 -15"><span class='ocrx_word' id='word_1_259' title='bbox 226 4243 276 4298; x_wconf 89' lang='lat' dir='ltr'><strong>sed</strong></span> <span class='ocrx_word' id='word_1_260' title='bbox 293 4243 330 4298; x_wconf 86' lang='lat' dir='ltr'><strong>ad</strong></span> <span class='ocrx_word' id='word_1_261' title='bbox 348 4244 475 4298; x_wconf 86' lang='lat' dir='ltr'><strong>militiam</strong></span> <span class='ocrx_word' id='word_1_262' title='bbox 492 4244 638 4299; x_wconf 87' lang='lat' dir='ltr'><strong>institutos</strong></span> <span class='ocrx_word' id='word_1_263' title='bbox 657 4260 719 4299; x_wconf 85' lang='lat' dir='ltr'><strong>csse</strong></span> <span class='ocrx_word' id='word_1_264' title='bbox 737 4244 877 4312; x_wconf 81' lang='lat' dir='ltr'><strong>dicamus3</strong></span> <span class='ocrx_word' id='word_1_265' title='bbox 897 4249 928 4300; x_wconf 86' lang='lat' dir='ltr'><strong>at</strong></span> <span class='ocrx_word' id='word_1_266' title='bbox 946 4245 981 4300; x_wconf 88' lang='lat' dir='ltr'><strong>cl.</strong></span> <span class='ocrx_word' id='word_1_267' title='bbox 995 4246 1061 4300; x_wconf 82' lang='lat' dir='ltr'><strong>Bus</strong></span> <span class='ocrx_word' id='word_1_268' title='bbox 1076 4248 1117 4301; x_wconf 82' lang='lat' dir='ltr'><strong>st.</strong></span> <span class='ocrx_word' id='word_1_269' title='bbox 1131 4262 1158 4299; x_wconf 91' lang='lat' dir='ltr'><strong>u.</strong></span> <span class='ocrx_word' id='word_1_270' title='bbox 1171 4245 1205 4301; x_wconf 87' lang='lat' dir='ltr'><strong>R.</strong></span> <span class='ocrx_word' id='word_1_271' title='bbox 1217 4244 1250 4301; x_wconf 90' lang='lat' dir='ltr'><strong>A.</strong></span> <span class='ocrx_word' id='word_1_272' title='bbox 1264 4244 1326 4298; x_wconf 80' lang='lat'>308.</span> 
     </span>
    </p>

    <p class='ocr_par' dir='ltr' id='par_1_13' title="bbox 328 4331 887 4403">
     <span class='ocr_line' id='line_1_36' title="bbox 328 4331 887 4403; baseline 0 -17"><span class='ocrx_word' id='word_1_273' title='bbox 328 4332 346 4403; x_wconf 70' lang='lat'><strong>⁸)</strong></span> <span class='ocrx_word' id='word_1_274' title='bbox 366 4332 435 4389; x_wconf 86' lang='lat' dir='ltr'><strong>Gilb.</strong></span> <span class='ocrx_word' id='word_1_275' title='bbox 450 4331 693 4399; x_wconf 65' lang='lat' dir='ltr'><strong>scarsolarum</strong></span> <span class='ocrx_word' id='word_1_276' title='bbox 710 4350 737 4389; x_wconf 92' lang='lat' dir='ltr'><strong>n.</strong></span> <span class='ocrx_word' id='word_1_277' title='bbox 751 4334 777 4388; x_wconf 89' lang='lat'><strong>2.</strong></span> <span class='ocrx_word' id='word_1_278' title='bbox 832 4373 835 4378; x_wconf 82' lang='lat'>.</span> <span class='ocrx_word' id='word_1_279' title='bbox 885 4331 887 4334; x_wconf 76' lang='grc'>’</span> 
     </span>
    </p>
   </div>
   <div class='ocr_carea' id='block_1_8' title="bbox 0 0 1656 5017">
    <p class='ocr_par' dir='ltr' id='par_1_14' title="bbox 0 0 1656 5017">
     <span class='ocr_line' id='line_1_37' title="bbox 0 0 1656 5017; baseline 0 0"><span class='ocrx_word' id='word_1_280' title='bbox 0 0 1656 5017; x_wconf 95' lang='lat' dir='ltr'><strong> </strong></span> 
     </span>
    </p>
   </div>
  </div>
 </body>
</html>
