3292 5017
683 398 908 464 ...31-

205 579 360 663 tempora
394 575 492 662 quasi
526 596 623 642 sacra
656 579 833 662 ῖεραμηνίαι
857 574 1017 664 appeliari
1051 574 1240 658 suncanto
1298 575 1384 642 'Ium

205 684 319 766 ἑορτὰς
342 685 520 766 γυναικείας
542 682 675 767 fingens
698 681 831 749 institui
845 681 942 749 Plato
966 680 1058 748 haud
1081 681 1149 748 scio
1174 703 1218 747 an
1234 681 1275 748 de
1291 682 1384 748 simi-

206 788 296 855 libus
323 789 453 875 patriae
484 789 603 855 diebus
634 790 758 872 cogitet
787 788 903 873 festis3
931 788 1010 856 licet
1032 808 1166 856 monere
1190 787 1231 854 de
1259 788 1383 873 Θεσμο-

208 899 345 981 φορίοις,
369 916 457 982 quae
479 898 595 963 nostro
618 897 688 962 iure
709 898 889 980 γυναικείαν
905 897 1018 980 ἑορτὴν
1034 915 1154 963 vocare
1170 899 1382 982 possumus.⁶)

300 1019 450 1108 Denique
473 1040 516 1086 ne
532 1019 757 1087 Athenienses
781 1020 916 1106 quidem
933 1020 1094 1086 carebant
1110 1018 1238 1101 diebus,
1262 1018 1384 1105 quibus

207 1126 257 1192 dii
278 1126 377 1193 inferi
399 1126 546 1193 maxime
569 1125 782 1210 colebantur3
805 1125 902 1193 velut
923 1126 990 1193 hue
1013 1129 1170 1213 spectant
1190 1127 1229 1190 τὰ
1244 1127 1382 1209 νεκύαια,

205 1232 326 1319 quinto
338 1232 588 1300 Boedromionis
604 1234 728 1300 mensis
745 1232 798 1299 die
813 1232 974 1319 habitam
990 1254 1070 1300 nam
1086 1254 1162 1299 cum
1178 1236 1384 1301 mortuorum

204 1343 323 1406 essent
346 1360 508 1407 memores
538 1339 594 1407 ilio
623 1339 676 1407 die
698 1340 935 1423 Athenienses,
960 1340 1004 1406 dii
1026 1339 1123 1406 interi
1146 1343 1204 1408 vix
1227 1342 1385 1427 poterant

205 1447 358 1531 neglegi3
374 1451 548 1534 prestares
563 1450 864 1530 commemorentur
875 1448 999 1530 Χύτραι
1014 1446 1058 1513 ad
1074 1446 1233 1513 honorem
1244 1446 1385 1534 Dionysi

204 1556 244 1619 et
264 1552 409 1620 Hermae
433 1555 568 1638 χθονίου
592 1556 722 1638 actae.⁸)

298 1661 492 1747 Antequam
514 1659 647 1744 longius
669 1659 928 1749 progrediamur,
951 1646 1022 1727 nna
1037 1661 1281 1748 perstringatur
1297 1658 1383 1727 diffi-

205 1767 327 1833 cultas.
371 1767 428 1850 VI,
442 1769 547 1834 7711)
579 1769 667 1833 enim
689 1767 786 1835 Plato
809 1767 905 1834 iubet
927 1767 1026 1834 hinas
1049 1767 1189 1852 singuiis
1212 1768 1384 1834 mensibus

204 1876 366 1949 ξυνόδους
399 1873 443 1941 ad
477 1895 555 1941 aras
589 1894 899 1961 eponymorum
928 1874 1012 1958 fieri,
1044 1876 1084 1940 ut
1115 1876 1204 1941 cives
1235 1875 1323 1940 inter
1345 1896 1382 1941 se

210 1983 415 2064 cognoscant
437 1984 540 2066 atque
565 1980 702 2047 deornm
725 1980 790 2047 sibi
804 1982 975 2047 retineant
989 1981 1141 2065 gratiam.
1181 1979 1288 2061 Quam
1304 2001 1383 2048 vero

208 2088 374 2154 rationem
397 2109 573 2155 censemus
604 2088 656 2154 his
688 2088 912 2155 conventibus
934 2087 1138 2155 intercedere
1162 2108 1238 2154 cum
1262 2090 1384 2171 ἑορταῖς

204 2193 273 2260 illis
296 2196 376 2261 item
400 2193 444 2261 ad
467 2215 702 2283 eponymos
726 2193 940 2263 honorandos
963 2194 1155 2261 institutis?

297 2299 368 2368 Hoc
390 2322 449 2388 pro
472 2304 562 2368 certo
585 2301 778 2384 negandum
794 2304 847 2367 est
862 2303 1020 2377 ξυνόδους
1035 2301 1171 2368 eosdem
1186 2322 1261 2368 esse
1276 2301 1383 2368 festos

205 2405 280 2473 dies
304 2411 405 2495 atque
429 2410 550 2493 ἑορτάς,
576 2408 735 2495 quoniam
755 2410 912 2483 ξύνοδοι
934 2408 1053 2492 viginti
1069 2410 1239 2495 quattuor,
1256 2409 1384 2493 ἑορταὶ
1444 2472 1448 2478 ,

205 2513 383 2581 duodecim
406 2517 612 2583 statuuntur.

232 2664 235 2670 -
297 2620 459 2708 Equidem
482 2622 571 2689 hanc
592 2621 829 2689 difficultatem
851 2620 1034 2688 tollendam
1059 2642 1134 2688 esse
1156 2623 1239 2708 puto
1263 2622 1320 2703 sic,
1344 2625 1384 2687 ut

204 2730 338 2803 ξύνοδοι
371 2727 449 2794 iIlae
484 2729 553 2794 sint
587 2732 703 2796 coetus
737 2723 841 2795 unius
869 2728 977 2794 tribus
1008 2730 1131 2795 civium
1161 2728 1213 2795 bis
1244 2727 1383 2811 singuiis

208 2834 380 2901 mensibus
418 2833 574 2920 habendi,
614 2837 719 2920 ἑορταὶ
756 2856 837 2902 vero
870 2837 1062 2921 πανηγύρεις
1097 2835 1176 2919 (ΧΗ,
1190 2836 1303 2918 947A)
1338 2834 1383 2900 ab
1508 2891 1512 2897 .

205 2940 364 3008 omnihus
395 2940 525 3008 civibus
558 2942 706 3007 omnium
736 2941 885 3007 tribuum
914 2941 1133 3008 communiter
1155 2939 1382 3008 celebrandae.

296 3047 370 3114 Hac
404 3048 498 3115 brevi
531 3048 732 3135 interposita
770 3046 974 3132 digressione
1011 3047 1196 3132 videamus,
1236 3067 1383 3133 quonam

205 3158 307 3241 pacto
320 3154 536 3242 philosophus
548 3155 660 3240 ἑορτὰς
671 3153 755 3221 velit
766 3156 829 3238 agi.
852 3153 1031 3241 Perspicne
1043 3175 1123 3221 vero
1136 3176 1179 3221 ex
1194 3153 1278 3236 VIII,
1288 3153 1382 3220 8280

205 3260 319 3327 elucet
340 3261 455 3328 iubere
486 3282 564 3328 eum
586 3260 702 3328 haberi
726 3262 911 3328 certamina
933 3261 1063 3327 musica
1085 3263 1120 3327 ct
1142 3261 1312 3348 gymnica,
1343 3265 1384 3327 nt

204 3386 280 3434 rem
302 3367 527 3455 suppleamus,
552 3367 701 3435 conferre
724 3369 823 3435 iuvat
838 3367 978 3451 satae,
995 3368 1085 3435 unde
1109 3371 1205 3455 patet
1220 3368 1383 3454 equestri·

207 3473 275 3542 bus
300 3496 432 3562 quoque
455 3475 565 3543 locum
589 3475 733 3543 concedi

297 3581 509 3668 Explicemus
531 3583 632 3666 Igitur
653 3602 744 3650 nuno
767 3581 807 3649 de
830 3582 954 3649 fabulis
982 3582 1153 3666 scaenicis,
1186 3604 1273 3670 quae
1295 3582 1384 3649 inter

206 3688 394 3755 certamina
424 3689 553 3755 musica
582 3690 696 3775 procul
726 3689 828 3757 dubio
851 3690 1074 3777 principatum
1096 3691 1224 3757 tenent.
1270 3688 1382 3756 Aede

147 3823 150 3831 ·
211 3793 387 3861 comoediis
418 3795 498 3882 quid
528 3796 662 3862 statuat
687 3795 795 3880 Plato,
829 3797 1048 3884 comperimus
1079 3817 1122 3863 ex
1152 3796 1223 3880 VH,
1236 3794 1381 3878 816DE,

298 4043 317 4113 ὓ)
336 4044 400 4102 ibid.
419 4045 452 4110 11,
462 4044 523 4100 464.

298 4132 400 4202 Iiibid.
418 4133 514 4188 litos
532 4149 568 4189 ss.

207 4270 214 4283 ,
299 4222 317 4293 Ἷ
336 4222 402 4277 ibid.
420 4222 530 4290 ntea
549 4222 713 4288 Mommsen,
732 4223 815 4278 Festo
837 4221 887 4277 172
905 4239 943 4279 ss.

299 4311 317 4381 ⁸)
337 4311 415 4367 Pani,
429 4311 512 4366 Wiss.
531 4310 659 4379 1²,23743
678 4311 842 4376 Mommsen,
861 4310 946 4366 Festa
964 4312 1025 4368 398.
1143 4367 1145 4371 .
