3292 5017
699 397 919 462 -25-

219 633 223 644 .
306 575 455 640 Primum
478 574 579 658 igitur
602 574 641 658 ei,
666 575 722 661 qui
745 573 849 640 filium
873 596 941 642 non
965 574 1116 642 habebat
1138 576 1281 643 conubio
1303 576 1392 643 iusto

216 681 380 765 genitum,
410 680 519 747 filium
542 681 606 747 sibi
629 679 789 768 adoptare
817 680 951 765 licebat,
983 702 1025 748 ea
1047 684 1163 748 tamen
1194 681 1393 765 condicione,

217 790 267 870 ut,
293 787 433 853 sitilias
456 788 605 871 baberet,
638 808 740 853 unam
766 808 807 854 ex
829 788 883 855 bis
906 787 954 853 illi
984 786 1254 874 desponderet.⁸²)
1300 788 1392 869 Quae

220 894 409 981 adoptionis
437 896 564 981 species
587 894 720 968 Platoni
743 894 837 961 haud
861 894 960 961 dubie
985 894 1184 961 obversatur
1206 894 1262 976 XI,
1276 893 1391 961 923E:

215 1003 286 1065 ‘cdv
322 1003 356 1067 δὲ
388 1004 457 1074 υἱός
485 1028 531 1086 τῳ
561 1003 726 1086 τελευτήσῃ
761 1010 836 1074 παῖς
870 1005 918 1068 ὤν
921 1050 1055 1085 .....
1078 1005 1136 1067 εἴτε
1166 1002 1314 1088 γεννητὸς
1344 1005 1393 1067 ὢν

213 1111 276 1173 εἴτε
298 1110 478 1193 ποιητός’
505 1160 511 1174 .
536 1158 542 1171 .
567 1159 573 1173 .
597 1108 687 1174 unde
717 1108 827 1174 silium
858 1110 946 1175 inter
968 1109 1067 1174 vivos
1096 1107 1294 1194 adoptatum
1317 1129 1392 1174 cum

219 1212 367 1298 legitimo
390 1213 490 1301 plano
513 1215 651 1303 aequari
674 1217 817 1301 patet⁸⁸t

304 1319 430 1387 Eodem
468 1323 584 1388 autem
626 1320 698 1388 loco
744 1320 785 1386 de
824 1320 1004 1408 adoptione
1048 1324 1254 1394 testamento
1300 1320 1393 1389 facta

216 1426 380 1494 nonnulla
402 1426 528 1514 profert
550 1427 781 1515 philosophus3
806 1430 915 1494 sancit
931 1429 1029 1510 onim,
1053 1431 1103 1514 ut,
1127 1428 1184 1514 qui
1204 1430 1392 1494 testamen·

218 1537 292 1600 tum
315 1535 528 1602 conscribens
551 1538 687 1618 ἄρρενας
709 1555 778 1601 non
801 1535 979 1622 relinquat,
1011 1533 1071 1601 sod
1093 1536 1224 1619 θηλείας
1245 1538 1390 1618 tantum,

214 1641 276 1706 uni
291 1661 333 1708 ex
344 1640 407 1724 his,
432 1642 627 1728 cuicumque
642 1639 733 1726 velit,
757 1642 916 1708 maritum
931 1640 1061 1727 sibique
1076 1639 1181 1707 filium
1198 1642 1391 1707 constituat.

241 1765 243 1771 ⁴
304 1748 483 1815 Praeterea
512 1768 571 1834 per
593 1747 744 1815 Platonis
776 1757 956 1835 praecepta
986 1747 1065 1814 licet
1088 1747 1161 1835 ipso
1185 1749 1391 1814 testamento

212 1855 338 1940 caveri,
363 1858 409 1937 ut,
433 1856 464 1921 si
475 1855 609 1941 quando
620 1854 709 1924 filius
732 1856 912 1921 moriturus
929 1855 974 1920 sit
987 1875 1080 1941 puer,
1104 1855 1190 1937 ’πρὶν
1205 1857 1249 1926 εἰς
1273 1856 1392 1937 ἄνδρας

216 1962 352 2034 δυνατὸς
374 1964 451 2028 εἶναι
472 1964 588 2046 τελεῖν,
612 1982 671 2048 pro
695 1962 759 2028 hoc
781 1962 873 2028 filius
891 1965 926 2028 et
948 1961 1045 2028 heres
1062 1961 1298 2046 substituatur,
1324 1982 1392 2046 qua

213 2068 250 2133 in
274 2090 308 2135 re
331 2070 414 2135 item
437 2069 625 2135 Atticorum
646 2090 730 2135 usus
753 2068 886 2135 videtur
905 2069 1093 2151 ‹rotinerid‘t

218 2211 221 2216 <
304 2175 455 2242 Tertium
478 2173 620 2261 denique
644 2196 749 2259 genus
773 2175 952 2259 attingitur
966 2174 1299 2257 murro-orso,
1324 2195 1390 2261 quo

215 2280 287 2348 loco
310 2283 487 2369 propinqui
509 2282 591 2367 eius,
616 2282 674 2369 qui
697 2267 808 2349 morte
825 2280 881 2348 vel
904 2282 1020 2348 exsilio
1042 2284 1203 2369 perpetuo
1226 2281 1390 2348 multatus

215 2388 344 2454 nullam
366 2388 534 2475 relinquat
548 2388 682 2475 prolem,
695 2392 800 2474 “μέχρι
820 2392 963 2474 ἀνεψιῶν
978 2391 1104 2455 παίδων
1118 2390 1201 2472 πρός
1216 2414 1249 2454 τε
1260 2390 1390 2471 ἀνδρῶν

211 2495 271 2559 ,καί
304 2497 386 2580 πρὸς
409 2499 578 2580 γυναικῶν
609 2496 768 2562 iubentur
803 2496 991 2579 convenire,
1026 2499 1067 2561 ut
1099 2494 1204 2561 filium
1238 2495 1274 2559 in
1308 2498 1390 2579 οἴκῳ

214 2599 304 2668 illius
334 2604 553 2669 constituant.
598 2602 738 2669 Recedit
767 2606 884 2669 tamen
906 2601 1003 2669 Plato
1035 2602 1078 2668 ab
1109 2603 1180 2668 iure
1202 2602 1315 2668 Attico
1338 2622 1388 2685 eo,

208 2708 304 2795 quod
325 2709 360 2774 in
383 2708 454 2775 tilio
469 2709 525 2775 illo
542 2708 692 2794 eligendo
709 2712 883 2795 ἀγχιστείας
898 2710 1063 2776 rationem
1078 2708 1165 2775 nolle
1182 2729 1259 2774 eum
1274 2707 1390 2775 haberi

214 2814 287 2881 luce
324 2815 444 2883 clarius
480 2819 620 2903 apparet
653 2838 696 2882 ex
730 2816 843 2883 verbis
867 2867 874 2882 .
898 2866 905 2882 .
927 2831 936 2883 μ
960 2806 1155 2900 ’σκέψασθαι
1186 2818 1276 2899 γένος
1307 2817 1327 2880 ὅ
1355 2818 1393 2880 τί

210 2948 293 3006 orep
317 2927 364 2988 ἂν
387 2923 489 3008 ᾗτῶν
504 2925 538 2988 ἐν
554 2931 591 3008 τῇ
604 2925 695 2988 πόλει
718 2925 995 3007 εὐδοκιμώτατον,
1020 2943 1129 3009 nequo
1145 2922 1256 2988 minus
1280 2920 1389 3004 digre-

209 3029 304 3096 -ditur
328 3051 377 3113 eo,
409 3030 498 3116 quod
521 3030 599 3097 huic
629 3029 820 3116 adoptionis
852 3030 966 3112 generi
996 3029 1106 3096 locum
1135 3051 1204 3096 non
1227 3026 1388 3112 concedit,

214 3135 280 3202 nisi
311 3136 385 3221 quis
415 3137 572 3224 progenie
603 3157 721 3203 carens
753 3136 871 3223 capitis
903 3140 964 3202 aut
988 3135 1096 3202 exsilii
1126 3135 1189 3205 luit
1211 3136 1388 3222 poenas.³⁶)

303 3243 375 3309 Iam
398 3264 476 3310 voro
501 3265 543 3310 ex
566 3243 695 3327 legibus
714 3244 837 3310 Atticis
860 3265 965 3330 penes
987 3248 1117 3326 patrem
1141 3246 1214 3309 erat
1237 3244 1389 3328 potestas
1524 3241 1527 3251 '

207 3347 289 3433 filii,
337 3351 393 3437 qui
437 3350 588 3416 nondum
627 3352 679 3416 sui
717 3354 791 3416 erat
828 3351 922 3434 iuris,
966 3350 1065 3416 alicui
1102 3351 1137 3416 in
1176 3347 1388 3435 adoptionem

209 3457 495 3543 emancipandi.⁸⁰)
541 3457 590 3523 Do
626 3479 693 3544 qua
722 3478 758 3523 re
788 3458 861 3524 veri
892 3458 999 3524 simile
1026 3458 1081 3523 est
1103 3456 1248 3540 cogitare
1278 3454 1388 3542 philo·

210 3563 358 3650 sophum
371 3562 435 3648 (XI,
449 3564 558 3648 9230)
575 3564 845 3651 praecipientem,
871 3572 909 3631 ut
931 3565 1003 3651 ipso
1019 3565 1226 3631 testamento
1249 3562 1388 3649 perscri-

214 3668 324 3756 batur,
349 3671 379 3737 si
401 3672 475 3759 quis
499 3672 553 3738 cui
576 3692 682 3737 unum
705 3671 849 3737 exsiliis
874 3669 1102 3758 adoptandum
1126 3669 1247 3737 tradat

302 3886 335 3954 ⁸¹)
353 3886 414 3940 Att.
427 3885 506 3941 Proc.
519 3884 584 3952 5453
606 3884 761 3950 Beeucbot
782 3885 857 3939 droit
876 3883 955 3955 privs
972 3884 1007 3949 II,
1018 3883 1061 3938 31.

302 3974 333 4044 ³⁸)
353 3973 389 4029 ei.
408 3974 499 4028 Herm.
513 3974 564 4031 iur.
578 3975 652 4029 dom.
665 3989 756 4044 comp.
769 3973 804 4027 24
822 3990 850 4029 n.
862 3973 907 4029 83.

303 4063 334 4133 ⁸⁴)
352 4064 413 4120 Att.
426 4063 507 4120 Proe.
521 4062 574 4117 545
594 4078 621 4118 n.
637 4062 700 4129 174;
732 4062 888 4127 Beaucbet‚
908 4061 983 4117 droit
1000 4061 1079 4132 priva
1096 4059 1237 4130 lI‚30sq.‚
1266 4058 1311 4124 111,
1321 4057 1387 4123 7033

206 4148 306 4206 Herm.
320 4152 371 4206 iur.
385 4152 458 4207 dom.
472 4168 561 4223 comp.
575 4151 618 4207 24„

301 4242 334 4311 ⁸⁸)
351 4241 417 4297 ibid.
430 4240 474 4298 25.

302 4331 333 4401 ⁸⁰)
352 4330 412 4385 Art.
424 4331 505 4387 Proo.
518 4330 579 4385 538.
