3292 5017
725 412 948 476 ,12-

338 585 384 654 Ut
415 588 503 653 enim
534 587 662 654 nobiles
694 592 829 675 propter
858 589 949 675 ipsas
980 596 1086 673 χρεῶν
1109 591 1279 662 ἀποκοπάς
1301 609 1425 671 magna

245 694 285 759 in
309 714 386 759 eum
408 694 458 760 ira
481 715 555 760 esse
571 695 798 761 inflammatos
814 699 1080 762 consentaneum
1097 701 1158 779 est,
1182 696 1233 762 ita
1248 694 1424 782 populares

245 799 357 867 eidem
391 800 503 884 legum
539 801 700 867 conditori
734 800 854 868 idcirco
887 807 983 869 erant
1015 801 1148 886 infensi,
1181 801 1270 889 quod
1293 806 1425 889 praeter

247 908 438 994 opinionem
460 908 500 973 iis
518 907 648 974 Solonis
673 908 868 974 constitutio
894 910 1054 975 evenerat
1073 912 1194 996 quippe
1210 909 1424 996 sperantibus

248 1035 347 1097 agros
371 1034 502 1100 quoque
527 1034 643 1080 omnes
668 1036 744 1080 eum
768 1036 842 1081 esse
874 1014 1092 1098 divisurum.⁴)
1139 1015 1207 1081 Suo
1230 1015 1332 1098 igitur
1352 1015 1423 1081 iure

248 1120 467 1207 philosophus
492 1119 540 1203 (V,
554 1121 618 1187 736
628 1123 662 1204 O)
687 1126 872 1208 opportune
895 1122 959 1187 sibi
983 1122 1063 1188 dicit
1085 1122 1244 1204 accidere,
1267 1120 1356 1208 quod
1371 1143 1423 1188 res

245 1226 383 1314 publica
413 1226 588 1293 condenda
618 1231 688 1312 ’γῆς
717 1230 772 1293 καὶ
802 1235 909 1312 χρεῶν
940 1231 1109 1313 ἀποκοπῆς
1139 1231 1194 1294 καὶ
1217 1237 1319 1313 νομῆς
1340 1232 1422 1312 πέρι’

249 1333 485 1406 vehementem
507 1334 791 1421 periculosamque
815 1333 1012 1401 discordiam
1036 1335 1196 1419 effugerit

340 1439 422 1506 Cum
454 1441 489 1505 in
520 1440 647 1527 optima
677 1441 815 1508 civitate
838 1443 1004 1515 Πολιτείας
1034 1443 1139 1508 servis
1170 1444 1231 1508 aut
1252 1440 1423 1528 inquilinis

247 1547 362 1613 nullus
386 1546 431 1612 sit
453 1546 555 1623 locus,
579 1547 677 1614 Plato
700 1542 735 1614 in'
758 1549 887 1633 Νόμοις
910 1570 968 1615 eos
992 1547 1149 1615 admittit.
1188 1551 1237 1614 Αο
1260 1547 1422 1614 deservis

248 1651 383 1739 quidem
416 1653 495 1739 quid
525 1656 667 1738 statuat,
701 1675 743 1720 ex
765 1654 821 1738 Vl,
836 1654 970 1721 777Dl]
994 1656 1169 1742 praecipue
1193 1655 1421 1743 comperimus,

246 1781 314 1847 quo
338 1758 410 1826 loco
441 1760 506 1826 hoc
536 1781 638 1847 quam
668 1761 739 1827 fieri
770 1763 878 1848 possit
909 1763 1054 1828 maxime
1077 1762 1172 1828 iubet
1194 1761 1347 1849 spectari,
1380 1783 1422 1828 ne

242 1866 336 1932 send
359 1866 544 1953 complures
568 1888 636 1934 una
659 1868 729 1934 sint
751 1867 847 1952 tales,
871 1869 928 1954 qui
951 1867 1068 1935 eadem
1091 1869 1202 1955 patria
1226 1872 1365 1935 utantur
1388 1872 1423 1934 et

246 1972 370 2056 lingua.

337 2080 409 2146 Hoc
440 2084 478 2147 ut
509 2081 552 2146 ad
575 2082 834 2148 Atheniensium
843 2086 865 2161 ⁶)
898 2081 1174 2149 consuetudinem
1202 2082 1336 2148 videtur
1363 2103 1421 2147 ac·

245 2185 466 2271 commodare,
490 2189 540 2253 ita
563 2189 655 2275 ipsae
675 2189 862 2255 Atticorum
887 2187 977 2272 leges
1001 2189 1112 2256 nescio
1136 2211 1182 2255 an
1205 2192 1284 2256 ante
1308 2187 1421 2254 oculos

245 2294 279 2359 ei
300 2297 477 2360 versentur
492 2293 596 2360 ullam
611 2299 703 2380 ὕβριν
719 2297 851 2362 vetanti
865 2296 900 2361 in
917 2317 1031 2363 servos
1048 2296 1243 2379 committi.⁶)
1278 2295 1421 2361 Athenis

249 2400 338 2465 enim
372 2400 411 2484 is,
447 2402 504 2486 qui
538 2422 674 2467 servum
709 2405 903 2485 vexaverat,
938 2406 1066 2487 ὕβρεως
1098 2405 1231 2489 poterat
1265 2402 1421 2485 arcessi.⁷)

243 2506 373 2573 Contra
392 2507 565 2574 mollitiem
589 2509 724 2575 omnino
749 2531 770 2575 a
793 2512 899 2576 servis
924 2512 1028 2576 arceri
1043 2509 1118 2576 vult
1132 2509 1349 2596 philosophus
1363 2510 1421 2592 ita,

249 2616 287 2679 ut
311 2614 418 2680 omnis
443 2635 557 2680 eorum
580 2618 777 2701 ‘apocopae’
802 2619 847 2682 sit
870 2620 1037 2692 ’ἑπὶταξιςῖ
1083 2617 1155 2684 Ηοο
1182 2619 1359 2703 praecepto
1383 2619 1422 2682 ut

247 2719 472 2788 Athenienses
503 2726 698 2807 pungantur
726 2723 798 2789 fieri
830 2726 978 2810 potest,⁸)
1011 2745 1094 2809 quos
1125 2726 1225 2789 tanta
1247 2723 1282 2789 in
1305 2744 1421 2789 servos

244 2826 505 2893 mansuetudine
539 2827 645 2895 fuisse
680 2832 823 2914 constat,
860 2834 899 2897 ut
931 2852 990 2917 per
1023 2839 1097 2904 παῖς
1130 2830 1220 2897 haud
1255 2851 1329 2895 raro
1363 2851 1421 2895 eos

240 2933 461 3021 appellarent.

335 3040 390 3124 Xl,
402 3041 505 3108 9301)
522 3043 562 3109 de
578 3042 757 3109 liberorum
773 3043 965 3111 condicione
983 3044 1168 3131 explicatur
1184 3063 1225 3109 ex
1241 3042 1421 3109 concubitu

240 3148 502 3233 procreatorum,
527 3169 624 3234 quern
649 3171 766 3216 servus
790 3155 851 3217 aut
874 3172 973 3217 serva
997 3171 1072 3217 cum
1095 3155 1200 3215 servis
1216 3153 1278 3215 aut
1292 3148 1419 3215 libertis

241 3257 308 3320 aut
331 3254 460 3321 civibus
483 3255 642 3323 habeant.
681 3256 755 3337 Qua
777 3257 811 3322 in
836 3278 870 3323 re
891 3255 1125 3344 philosophum
1140 3257 1249 3338 legem
1265 3255 1421 3343 amplecti

248 3359 481 3444 „deterioris
504 3364 654 3450 parentis
679 3362 905 3430 condicionem
931 3363 1082 3449 sequitur
1103 3364 1241 3450 partus“
1267 3363 1419 3429 animad-

247 3467 348 3533 vertit
381 3467 608 3552 Beauchet.⁰)‘
643 3469 735 3536 Idem
770 3471 821 3536 vir
853 3470 971 3536 doctus
1007 3471 1196 3556 suspicatur
1204 3472 1241 3553 1⁰)
1277 3469 1419 3535 Athenis

335 3716 355 3785 ⁴)
375 3715 440 3772 ibid.
462 3717 543 3783 12.3;
563 3718 630 3774 Bus.
650 3718 691 3772 St.
711 3735 737 3772 u.
757 3718 790 3774 R.
803 3718 837 3774 A.
858 3717 956 3789 ibisq.

335 3803 355 3873 ὅ)
375 3804 467 3860 Herm.
486 3805 537 3861 iur.
557 3806 631 3861 dom.
650 3822 741 3878 comp.
760 3806 862 3878 20sq.;
883 3806 947 3862 Sch.
967 3807 1041 3877 Lips.
1061 3807 1106 3861 Gr.
1125 3807 1182 3861 Ali.
1202 3807 1222 3871 1,
1233 3807 1294 3861 369.

335 3892 354 3962 “i
375 3893 410 3948 cf.
430 3893 583 3960 Beauobet,
604 3895 678 3950 droit
697 3895 774 3964 prive
792 3896 824 3961 ΙΙ,
834 3895 889 3949 430
898 3912 939 3966 sq.

335 3983 356 4052 ⁷)
375 3982 457 4037 Atth.
484 3982 564 4038 Proo.
592 3983 659 4048 3963
688 3985 867 4055 Waszynski‚
897 3984 1011 4039 Hermes
1030 3985 1066 4040 34
1093 3984 1181 4054 (1899)
1211 4003 1237 4056 p.
1249 3985 1317 4050 559;
1347 3985 1418 4039 Gilb.

240 4070 394 4128 Stautsult.
413 4071 433 4136 Ι,
446 4070 505 4127 190.

335 4161 354 4231 ⁸)
374 4161 467 4216 Herm.
486 4162 537 4215 ior.
557 4161 632 4216 dom.
652 4176 743 4232 comp.
764 4163 797 4217 19
807 4179 850 4233 sq.

334 4251 355 4310 9)
374 4250 457 4305 Droit
473 4250 550 4322 prive
567 4250 600 4315 11,
609 4250 671 4306 406.

324 4340 354 4409 ¹⁰)
373 4338 439 4395 ibid.
459 4340 490 4405 ll,
503 4339 565 4395 408.
