3292 5017
312 1264 478 1329 Πολιτείαν
500 1262 651 1329 Platonis
682 1263 740 1350 qui
763 1284 839 1329 cum
861 1264 990 1347 Νόμοις
1013 1263 1263 1348 comparaverit,
1296 1262 1398 1328 aliam

219 1370 257 1435 in
286 1368 353 1453 illa,
385 1368 487 1436 aliam
516 1370 551 1434 in
582 1369 634 1434 bis
666 1368 763 1435 condi
794 1369 967 1435 civitatem
1000 1368 1098 1435 facile
1121 1369 1280 1435 inveniet.
1326 1369 1398 1435 Hoc

220 1476 399 1542 discrimen
421 1479 462 1542 ut
494 1481 663 1562 appareat,
697 1476 755 1541 vix
788 1474 882 1542 locus
905 1475 994 1541 ullus
1018 1475 1132 1543 afferri
1154 1478 1268 1562 potest
1290 1476 1396 1557 magis

221 1582 364 1649 idoneus
398 1603 500 1670 quam
530 1582 607 1667 Leg.
625 1582 664 1666 V,
679 1581 865 1664 taen-E,
900 1582 960 1648 ubi
989 1587 1059 1648 tres
1090 1582 1238 1648 civitatis
1269 1582 1397 1669 species

222 1689 465 1774 discernuntur,
505 1710 647 1776 quarum
681 1690 782 1755 tertia
816 1687 1010 1754 definienda
1049 1689 1173 1775 optimo
1211 1688 1282 1754 iure
1320 1690 1398 1754 licet

222 1796 436 1882 supersedere
459 1795 587 1879 idcirco,
611 1796 691 1883 quia
713 1816 756 1861 ne
772 1795 870 1862 Plato
895 1795 1028 1881 quidem
1051 1794 1233 1883 quidquam
1254 1795 1397 1881 amplius

218 1901 263 1968 de
287 1923 328 1968 ea
350 1903 482 1989 profert.

311 2008 582 2075 Fundamentum
627 2023 717 2091 vero,
766 2030 831 2094 quo
885 2009 992 2094 prima
1030 2030 1069 2076 ac
1106 2008 1397 2096 praestantissima

223 2115 343 2181 civitas
378 2117 516 2197 nitatur,
552 2116 588 2180 in
623 2136 662 2181 eo
694 2115 789 2202 ponit
819 2114 1045 2202 philosophus
1076 2114 1165 2202 quod
1199 2118 1313 2188 ’ὄντως
1335 2118 1398 2181 ἐστὶ

217 2223 313 2287 κοινὰ
336 2224 374 2286 τὰ
398 2224 520 2307 φίλτατ’,
545 2222 634 2309 quod
657 2221 786 2288 civibus
810 2242 1004 2288 communes
1025 2222 1093 2287 sint
1116 2222 1281 2302 mulieres,
1306 2243 1396 2289 com·

222 2348 341 2394 munes
372 2328 476 2412 liberi,
508 2349 701 2396 communes
733 2328 876 2416 denique
907 2349 1023 2394 omnes
1046 2349 1107 2395 res
1153 2328 1272 2395 Procul
1295 2321 1396 2395 dubio

220 2431 274 2499 bis
308 2435 508 2501 remittimur
541 2434 585 2500 ad
614 2435 789 2518 Πολιτείαν,
825 2435 867 2500 in·
894 2456 962 2522 qua
991 2455 1059 2500 non
1087 2435 1184 2500 modo
1208 2435 1294 2502 idem
1318 2457 1395 2522 pro-

220 2540 373 2607 verbium
397 2543 500 2607 ‘noted
522 2544 561 2606 τὰ
585 2545 698 2627 φίλατ’
724 2542 788 2627 (lV,
814 2543 880 2606 424
888 2541 928 2624 A)
961 2542 1084 2607 diserte
1109 2548 1394 2626 commemoratur,

216 2667 339 2713 verum
370 2649 472 2714 etiam
502 2632 664 2715 bonorum
695 2649 883 2715 communio
916 2668 1034 2734 reapse
1064 2648 1253 2714 instituitur
1274 2649 1333 2731 ita,
1358 2652 1396 2715 ut

220 2754 330 2821 omnis
368 2754 503 2842 privata
540 2755 708 2839 possessio
746 2754 900 2821 funditus
939 2758 1122 2821 evanescat
1161 2755 1255 2838 (Vlll,
1272 2757 1337 2820 543
1347 2756 1395 2837 A).

219 2860 295 2947 Ipse
326 2860 423 2927 Plato
454 2862 541 2927 banc
573 2862 720 2927 civitatis
744 2862 887 2948 speciem
911 2864 1012 2927 vocat
1042 2865 1087 2927 ’ἓν
1109 2864 1215 2945 λόγοις
1237 2865 1395 2946 κειμένην’

222 2968 287 3051 (IX,
300 2969 365 3033 592
374 2969 424 3052 A),
449 2970 607 3054 quoniam
630 2989 798 3055 nusquam
821 2969 972 3051 gentium
989 2970 1109 3034 exstet.
1148 2967 1264 3054 Neque
1279 2973 1396 3034 tamen

216 3073 295 3138 lieri
324 3095 391 3141 non
421 3094 520 3161 posse
552 3075 733 3157 existimat,
763 3079 803 3140 ut
833 3074 1013 3161 aliquando
1043 3076 1172 3157 civitas
1204 3074 1338 3161 qualem
1360 3074 1395 3139 in

221 3180 370 3265 Πολιτείᾳ
391 3181 508 3266 fingat,
532 3202 670 3248 revera
694 3182 866 3264 condatur,
898 3182 1053 3267 quamvis
1081 3181 1165 3247 baec
1187 3201 1240 3246 res
1264 3182 1395 3264 magnis

219 3289 391 3372 prematur
425 3287 682 3355 difficultatibus
718 3288 782 3374 (VI,
796 3290 861 3353 499
870 3288 911 3374 D,
939 3287 1290 3376 5020,1V11,54OD).
1347 3289 1396 3355 Ac

216 3413 369 3475 causam,
394 3394 553 3480 quatere
576 3394 783 3481 impediatur,
808 3396 986 3482 quominus
1010 3395 1166 3462 civitates
1190 3393 1234 3460 ad
1250 3395 1395 3481 optimae

214 3499 370 3566 civitatis
394 3500 583 3587 exemplum
613 3502 872 3585 constituantur,
904 3503 939 3567 in
963 3523 1002 3568 eo
1026 3506 1140 3586 cernit,
1174 3502 1261 3588 quod
1285 3523 1395 3587 neque

221 3605 410 3694 philosophi
432 3627 569 3691 regnare
585 3629 694 3695 neque
709 3629 805 3691 reges
821 3608 1046 3695 philosophari
1062 3608 1195 3675 soleant
1211 3608 1261 3695 (V,
1275 3609 1394 3693 4730).

221 3711 360 3779 Proinde
383 3714 419 3779 in
441 3715 589 3799 Πολιτείᾳ
620 3715 663 3780 ad
695 3735 772 3781 vere
803 3712 1018 3802 philosophos
1047 3714 1198 3781 videmus
1221 3716 1396 3801 imperium

217 3816 341 3884 deferri
363 3820 458 3903 (vul,
471 3822 536 3887 543
545 3825 593 3905 A).
629 3820 764 3887 Civibus
787 3843 878 3903 vero,
896 3821 1017 3908 quibus
1033 3820 1220 3909 philosophi
1235 3822 1393 3909 praesint,

223 3926 335 3991 omnia
369 3948 409 3993 ac
444 3927 576 4010 singula
609 3928 739 4011 legibus
771 3927 993 3997 circumscribi
1023 3950 1090 3995 non
1120 3930 1189 3995 iam
1213 3950 1296 4015 opus
1320 3949 1394 3995 esse

219 4036 346 4117 censet,
382 4033 470 4119 quod
504 4033 553 4099 illi
585 4034 649 4121 ipsi
682 4033 781 4101 facile
812 4034 1018 4121 perspecturi
1049 4036 1126 4121 sint,
1163 4056 1249 4122 quae
1282 4034 1393 4118 legum

219 4136 345 4205 latione
367 4139 542 4224 indigeant
566 4139 631 4225 (IV,
644 4140 792 4225 4250D).

308 4245 395 4313 Huic
432 4248 579 4313 civitatis
618 4247 762 4333 optimae
800 4251 1039 4332 παραδείγματι,
1078 4248 1168 4335 quod
1204 4248 1244 4330 V,
1258 4245 1394 4313 4721)ss

216 4370 297 4418 cum
319 4353 453 4439 pictoris
477 4352 652 4419 simulacro
668 4354 836 4440 bominem
852 4354 1107 4440 pulcherrimum
1126 4354 1394 4439 repraesentanti
