3292 5017
762 410 985 474 ..36-

284 585 397 654 decem
413 585 696 674 complectebatur
706 590 903 672 πρυτανείας,
922 607 1062 673 quarum
1078 585 1217 669 singulis
1230 584 1457 672 quinquageni

284 692 419 780 ascripti
437 696 540 760 erant
563 696 745 776 senatoreS,
769 693 818 760 ita
837 692 934 760 Plato
959 696 1114 759 senatum
1139 692 1287 758 civitatis
1303 690 1457 759 divisioni

284 801 520 868 convenienter
542 801 576 865 in
601 799 773 867 duodecim
805 799 974 866 distribuit
996 803 1110 887 partes
1134 797 1303 886 aequales,
1335 797 1460 885 quibus

283 907 365 973 item
395 910 583 991 πρυτανείας
612 927 735 973 nomen
765 906 891 993 imponi
925 909 1022 992 patet
1052 927 1095 973 ex
1125 904 1230 974 reeh
1254 908 1290 972 et
1312 904 1377 972 766
1394 904 1460 992 ΒΕ)

284 1014 469 1096 Quominus
491 1015 607 1079 tamen
629 1012 781 1079 tributim
804 1015 954 1095 senatus,
986 1033 1085 1099 quem
1108 1011 1208 1095 lingit
1229 1011 1459 1099 philosophus,

282 1124 470 1204 πρυτανείας
494 1119 689 1186 conformari
704 1118 941 1202 existimemus,
966 1119 1029 1186 hoc
1052 1118 1176 1201 obst-at,
1201 1119 1299 1206 quod,
1324 1138 1399 1184 cum
1415 1137 1459 1184 ex

284 1226 423 1310 singulis
448 1226 603 1294 censibus
626 1229 756 1313 partem
772 1224 948 1313 aequalem
963 1227 998 1292 in
1018 1229 1175 1292 senatum
1190 1225 1273 1292 velit
1296 1223 1457 1307 adhiberi,

283 1334 341 1400 vix
363 1333 438 1400 fieri
459 1335 581 1420 potest,
618 1337 658 1400 ut
688 1333 787 1399 simul
818 1354 861 1399 ex
889 1333 1028 1424 singulis
1058 1332 1213 1399 tribubus
1244 1332 1332 1399 idem
1360 1352 1461 1398 sena-

283 1443 393 1507 torum
415 1460 575 1506 numerus
600 1444 689 1506 sorte
712 1439 862 1506 ducatur.

372 1581 449 1648 Jam
471 1603 551 1649 vero
575 1582 718 1649 Athenis
750 1585 956 1670 compertum
985 1582 1149 1648 habemus
1180 1584 1289 1669 ipsum
1312 1584 1458 1667 tempus,

285 1708 350 1776 quo
374 1688 474 1754 unius
496 1693 684 1773 πρυτανείας
703 1692 876 1756 senatores
891 1691 1087 1776 praeessent
1103 1690 1246 1771 senatui,
1269 1691 1462 1774 πρυτανείαν
1504 1695 1512 1714 ’

287 1816 361 1861 esse
393 1795 603 1861 nominatum
636 1796 797 1861 decimam
827 1795 896 1862 iere
920 1796 999 1862 anni
1026 1799 1156 1883 partem
1188 1795 1461 1877 continentem3⁸l

285 1923 327 1969 ex
342 1900 494 1968 Platonis
509 1903 722 1968 institutione
739 1903 903 1969 eiusmodi
917 1905 1106 1987 πρυτανείαν
1120 1924 1255 1989 prorsus
1279 1922 1460 1986 congruere

285 2029 360 2074 cum
382 2009 471 2075 iusto
495 2029 610 2075 mense
633 2009 669 2074 in
692 2011 848 2097 promptu
872 2012 932 2077 est.

373 2151 582 2217 Accedamus
606 2173 696 2218 nunc
711 2151 754 2217 ad
770 2172 911 2218 munera
926 2155 1066 2219 senatus
1081 2150 1296 2239 inspicienda.
1319 2151 1459 2216 Dissen÷

284 2257 327 2323 tit
349 2260 465 2324 autem
481 2257 578 2324 Plato
595 2257 638 2325 ab
654 2258 918 2325 Atheniensibus
942 2280 991 2342 eo,
1017 2258 1104 2346 quod
1125 2261 1295 2343 πρυτανεία
1318 2256 1461 2341 singolis

284 2363 456 2431 mensibus
494 2365 569 2430 uni
606 2386 747 2431 munera
784 2364 1051 2433 administranda
1089 2386 1167 2432 eum
1203 2364 1335 2432 tradere
1373 2364 1460 2431 satis

269 2465 426 2557 'apparet
450 2492 492 2537 ex
515 2470 621 2539 758ss
642 2475 675 2537 et
697 2472 735 2538 D.
758 2509 803 2520 —-
826 2473 968 2540 Athenis
1000 2471 1155 2555 consiliis,
1187 2492 1273 2559 quae
1304 2470 1460 2537 omnibus

284 2576 366 2643 anni
388 2576 509 2643 diebus
532 2617 576 2625 -
599 2578 696 2645 festis
728 2578 878 2665 exceptis
909 2600 949 2645 ac
979 2579 1119 2646 nefastis
1142 2617 1187 2626 -
1209 2577 1461 2661 habebantur,⁹)

283 2687 443 2771 prytanea
455 2685 617 2751 interesse
635 2683 852 2768 debebant,
870 2706 946 2751 cum
958 2686 1077 2753 ceteris
1089 2684 1303 2752 senatoribus
1318 2683 1463 2751 liceret

285 2792 321 2857 et
342 2789 506 2857 interesse
530 2793 565 2857 et
588 2790 752 2877 deesse.¹⁰)

373 2932 539 3020 Prytanes
561 2954 641 3000 vero
664 2933 738 2999 illos
761 2934 856 3001 iubet
870 2935 1087 3022 philosophus
1109 2934 1223 3016 (758ss
1239 2938 1293 3018 se.)
1308 2937 1463 3021 prompto

285 3038 398 3105 animo
423 3039 576 3105 omnibus
600 3040 730 3125 adesse,
762 3042 961 3128 quicumque
986 3045 1047 3108 aut
1070 3040 1204 3107 aliunde
1229 3043 1290 3107 aut
1313 3061 1355 3106 ex
1377 3039 1463 3105 urbe

284 3147 460 3213 venientes
490 3147 581 3232 ipsos
616 3145 706 3213 adire
738 3149 924 3235 cupiant.¹¹)
986 3147 1128 3214 Athenis
1160 3149 1242 3214 item
1272 3150 1462 3235 prytaneon

284 3252 389 3318 inisse
412 3252 541 3336 legatos
564 3254 708 3340 recipere
731 3255 831 3321 testis
847 3259 900 3321 est
915 3253 1162 3338 Aristoteles¹²l
1208 3254 1298 3320 Idem
1323 3253 1464 3334 atthrgit

287 3358 387 3425 Plato
410 3357 480 3443 XII,
493 3359 558 3427 953
572 3360 605 3427 G.
676 3370 679 3374 ’

374 3500 553 3568 Praeterea
584 3507 746 3589 prytanes
777 3504 854 3584 (758
876 3502 915 3586 D)
946 3502 1105 3569 iubentur
1135 3506 1260 3588 “κοινῇ
1281 3554 1288 3568 .
1310 3554 1316 3567 .
1339 3503 1461 3587 ,μετὰ

284 3614 360 3673 τῶν
383 3611 507 3674 ἄλλων
530 3612 730 3695 ἀρχῶν...
753 3610 809 3683 τὰς
832 3612 1048 3695 φυλακάς...
1072 3613 1257 3695 φυλάττειν’,
1286 3609 1340 3676 cui
1361 3630 1464 3695 prae·

376 3877 394 3945 ⁷)
415 3876 508 3931 Herm.
522 3876 556 3930 de
568 3876 697 3946 vestigiis
714 3876 749 3930 36
760 3893 801 3947 sq.

375 3966 394 4034 ⁸)
414 3965 492 4020 Paul.
502 3965 585 4021 Wiss.
598 3964 652 4019 ΠΙ1
671 3982 693 4021 s.
706 3982 733 4022 v.
745 3962 838 4036 βαυλή;
858 3966 929 4022 Gilb.
944 3966 1089 4023 Staatsalt.
1102 3966 1123 4031 l,
1136 3965 1198 4021 302.

374 4053 394 4120 ⁰)
413 4053 478 4108 ibid.
489 4052 509 4118 1,
522 4054 575 4108 307
583 4071 589 4120 ;
609 4054 702 4109 Herm.
715 4053 831 4110 Thums.
845 4054 989 4112 Staalselt.
1003 4054 1108 4121 11,4se;
1131 4055 1196 4111 Bus.
1211 4056 1252 4110 st.
1265 4071 1292 4109 u
1305 4054 1339 4110 R.
1352 4055 1385 4109 A.
1397 4051 1464 4108 250.

376 4140 407 4210 ²⁰)
428 4141 492 4198 Soh.
505 4141 580 4211 Lips.
595 4142 640 4197 Gr.
654 4142 711 4199 Alt.
725 4142 745 4208 1,
758 4142 820 4199 401.

376 4231 407 4299 ¹²)
427 4230 462 4285 ci.
476 4229 568 4287 Herm
588 4231 623 4285 de
642 4231 767 4302 vestigiis
783 4231 829 4288 37.

375 4319 406 4388 19)
425 4316 475 4371 Ἀθ
490 4315 552 4372 ποί.
570 4319 655 4387 43,6;
675 4320 710 4376 cf.
731 4319 802 4377 Gilb.
821 4321 966 4376 Staatsalt.
980 4321 1000 4387 1,
1012 4319 1103 4377 30411.
1114 4321 1140 4376 4.
