3292 5017
712 390 936 454 ,66-

206 611 208 613 v
252 606 280 615 —
313 590 334 633 a
362 576 427 641 τοῖς
458 569 507 633 ἐπὶ
530 568 705 651 Πουοὸίῳ
736 565 958 653 disceptatam
985 557 1031 613 '—
1065 565 1229 632 exsilio
1254 586 1328 633 esse
1352 586 1413 632 ex·

236 676 428 761 palamne

326 780 495 846 Nonnulla
525 781 589 848 hoc
619 780 692 847 loco
723 778 892 845 addantur
922 779 963 845 de
990 779 1102 862 caede,
1134 800 1237 866 quam
1260 799 1413 844 servus

239 890 300 953 aut
328 888 456 974 patitur
488 891 550 953 aut
579 888 650 974 ipse
673 889 849 974 perpetrat.
897 888 944 953 Ac
967 884 1064 952 Plato
1088 886 1222 973 quidem
1245 884 1412 967 discernit,

239 997 351 1060 utrum
384 995 436 1061 ira
469 997 641 1081 permotus
672 1032 716 1042 —
751 992 792 1059 de
826 991 928 1059 caede
964 994 1052 1059 enim
1085 1013 1165 1058 casu
1198 1013 1295 1058 servo
1318 991 1415 1058 illata

239 1122 341 1187 supra
349 1103 402 1185 ²¹¹)
426 1102 617 1168 monuimus
639 1140 682 1148 -
707 1100 827 1186 aliquis
843 1121 979 1166 servum
993 1098 1175 1165 interficiat
1191 1120 1235 1165 an
1251 1098 1413 1165 consulto.

240 1206 303 1288 Qui
336 1208 386 1274 ira
419 1209 577 1274 incensus
611 1228 711 1273 suum
744 1209 815 1293 ipse
847 1228 981 1273 servum
1012 1206 1177 1292 occiderit,
1213 1226 1290 1271 eum
1319 1206 1414 1272 iubet

239 1315 315 1397 (868
332 1315 373 1401 Α)
400 1336 526 1381 meram
557 1314 791 1381 lustrationem
822 1314 944 1397 subire,
976 1314 1033 1401 qui
1057 1312 1213 1394 alienum,
1241 1315 1414 1399 praeterea

238 1420 474 1488 detrimentum
498 1420 630 1488 domino
654 1422 743 1488 servi
766 1424 877 1487 ortum
900 1419 1072 1507 dupliciter
1095 1420 1224 1487 sarcire.

326 1528 389 1594 Per
403 1530 456 1595 ius
468 1528 621 1595 Atticum
631 1528 754 1594 licebat
767 1529 856 1594 servi
867 1548 1095 1615 percussorem
1106 1529 1229 1612 βλάβης
1240 1527 1412 1613 peterem)

237 1671 281 1683 —
312 1633 400 1720 quod
430 1656 498 1701 non
526 1635 649 1712 obstat,
685 1635 863 1722 quominus
887 1635 1094 1721 suspicemur
1118 1632 1281 1700 eiusmodi
1303 1633 1413 1699 homi-

238 1740 346 1807 cidam
378 1742 480 1808 etiam
511 1743 615 1827 φόνου
644 1743 768 1807 arcessi
789 1742 939 1827 potuisse
962 1780 1014 1806 —-.
1061 1741 1164 1826 Atqui
1188 1738 1348 1805 damnum
1372 1739 1412 1805 de

238 1846 404 1914 industria
440 1847 540 1915 alicui
578 1848 695 1914 datum
734 1849 922 1933 accepimus
956 1868 1066 1933 poena
1101 1846 1223 1933 dupli
1256 1846 1304 1912 lui
1338 1867 1413 1913 esse

238 1953 437 2037 solitum¹¹⁴l
492 1953 616 2035 Quodsi
647 1954 790 2021 Athenis
821 1952 942 2020 caedes
975 1974 1033 2039 per
1063 1954 1146 2019 iram
1178 1954 1356 2021 commissa
1378 1954 1413 2018 in

239 2081 377 2126 numero
409 2060 561 2126 caedium
593 2060 744 2126 consulto
777 2059 943 2126 factarum
967 2060 1156 2126 habebatur
1189 2099 1234 2108 -
1268 2059 1301 2125 id
1325 2058 1414 2146 quod

237 2167 415 2233 verisimile
439 2167 523 2234 duco
556 2206 600 2214 -
630 2166 807 2233 Platonem
830 2167 978 2232 Atticam
994 2167 1123 2245 imitari
1146 2168 1254 2252 legem
1277 2168 1312 2232 in
1335 2188 1412 2254 pro-

239 2272 355 2360 patulo
379 2276 439 2339 est.

328 2379 386 2446 Sin
418 2380 492 2466 quis
524 2401 659 2446 servum
688 2378 771 2445 nihil
799 2384 956 2462 agentem
979 2381 1095 2446 iniusti
1118 2384 1153 2446 ἐκ
1176 2386 1328 2465 προνοίας
1351 2402 1412 2447 ne-

239 2486 375 2568 caverit,
400 2507 476 2552 eum
499 2488 623 2573 pariter
637 2485 748 2573 puniri
763 2485 838 2553 vult
853 2485 1069 2573 philosophus
1086 2490 1188 2573 atque
1205 2487 1287 2553 civis
1307 2489 1412 2554 inter·

238 2595 397 2660 lectorem
428 2594 502 2673 (872
519 2593 562 2678 O).
616 2594 688 2660 Hac
719 2594 754 2659 in
776 2614 812 2660 re
836 2592 1046 2680 aliquantum
1071 2593 1114 2659 ab
1138 2591 1269 2676 legibus
1292 2594 1412 2659 Atticis

238 2699 371 2784 recedit,
403 2722 445 2766 ex
473 2700 594 2788 quibus
618 2701 706 2766 servi
729 2720 958 2786 percussorem
980 2721 1049 2767 non
1072 2700 1192 2786 capitis
1215 2699 1412 2766 damnatum

239 2829 313 2874 esse
336 2806 414 2874 inde
438 2806 593 2892 efficitur,
626 2806 716 2894 quod
739 2829 781 2874 ne
804 2808 834 2874 is
856 2807 997 2894 quidem,
1021 2808 1077 2894 qui
1099 2807 1308 2894 peregrinum
1331 2825 1412 2872 oon·

239 2914 327 2981 sulto
352 2914 525 3000 occiderat,
551 2919 668 2998 morte,
693 2915 752 2981 sed
776 2915 891 2981 exsilio
915 2914 1187 2997 multabatur.²¹⁶)

326 3021 582 3106 Aristoteles²¹⁰)
607 3044 686 3089 vero
710 3022 809 3088 testis
834 3025 887 3088 est
902 3044 1041 3089 oausam
1056 3021 1168 3088 caedis
1186 3043 1282 3088 servo
1298 3020 1412 3086 illatae

239 3137 303 3202 τοῖς
325 3130 376 3195 ἐπὶ
398 3130 573 3214 Παλλαδίῳ
596 3129 756 3196 traditam
780 3151 854 3196 esse
879 3130 1131 3196 decernendam.

329 3236 452 3303 eontra
483 3257 627 3321 servum,
660 3238 717 3325 qui
746 3237 797 3303 ira
826 3236 1059 3303 inflammatus
1081 3235 1250 3302 hominem
1273 3234 1411 3303 liberum

329 3432 370 3498 nq
388 3432 452 3487 ibid.
466 3431 533 3498 3793
552 3432 668 3487 Aristot.
683 3428 731 3487 Aa.
744 3428 804 3488 πολ,
815 3432 859 3496 57,
870 3432 895 3488 3.

330 3519 521 3592 Qmpffl

329 3608 370 3677 ¹¹³)
389 3608 449 3664 Art.
463 3609 542 3665 Proc.
556 3609 617 3664 652.

330 3696 371 3765 ¹¹⁴!
390 3697 455 3756 ibid.
473 3697 534 3754 651.

330 3784 371 3854 ¹²⁶)
390 3784 455 3841 Bus.
470 3787 510 3842 St.
525 3804 550 3841 u.
565 3787 597 3841 R.
611 3786 644 3842 A.
657 3787 718 3842 273.
749 3787 832 3841 Errat
850 3787 991 3841 Hermann
1010 3787 1053 3856 (de
1071 3787 1198 3856 vestigiis
1216 3787 1289 3842 5711.
1303 3784 1364 3856 2343
1378 3803 1413 3840 ex

240 3873 358 3945 Lycurg.
371 3874 433 3930 adv.
447 3875 543 3931 Leoor.
563 3874 627 3944 §65
646 3875 722 3930 effici
746 3878 825 3930 ratus
850 3875 970 3931 Athenis
994 3876 1063 3930 item
1087 3877 1121 3930 de
1141 3876 1214 3930 servi
1231 3874 1413 3930 interlectore

239 3961 565 4034 suppliciumsumptum
584 3981 660 4030 esse;
679 3981 771 4035 neque
791 3966 864 4019 enim
885 3965 1033 4037 qnisquam
1050 3981 1108 4018 nou
1120 3964 1198 4018 videt
1211 3967 1352 4018 oratorem
1363 3964 1411 4018 illo

239 4051 303 4106 loco
322 4068 381 4106 rem
399 4068 568 4122 exaggerare
586 4052 629 4123 (cf.
643 4053 735 4109 Herm.
749 4053 863 4110 Thums.
878 4054 1022 4110 Staatsalt.
1037 4053 1133 4119 11,415
1144 4070 1171 4108 n.
1184 4053 1218 4123 7).
1250 4053 1413 4124 iucundem

240 4156 365 4195 errorum
388 4140 493 4195 inducti
518 4142 585 4196 sunt
609 4141 765 4198 Thonissen
790 4142 873 4213 (droit
898 4143 980 4214 penei
1005 4143 1059 4197 243
1078 4144 1107 4196 et
1125 4142 1186 4212 247)
1212 4143 1242 4196 et
1266 4142 1414 4199 'Phalheim

241 4227 462 4300 ffldfflnst

330 4319 372 4388 ¹¹³)
392 4320 449 4375 Aa.
469 4316 529 4375 πολ.
549 4319 592 4384 57,
604 4319 628 4374 3.
