3292 5017
703 350 927 415 ,45-

228 524 444 613 philosophus
468 526 512 592 ab
536 527 668 593 arbitris
691 529 872 613 provocari,
897 526 957 593 sed
980 531 1057 615 apte
1081 528 1265 615 explicatur
1279 528 1338 613 ita,
1364 532 1404 598 ut

228 636 338 699 ratam
361 653 436 698 esse
460 653 572 699 eorum
597 636 800 701 sententiam
815 634 912 701 Plato
929 633 1028 719 dicat,
1053 634 1151 702 modo
1167 635 1293 702 scilicet
1308 638 1401 703 utra

229 760 292 825 que
315 759 394 826 pars
416 739 452 804 in
475 759 517 806 ea
539 743 740 827 acquiescat
778 741 882 807 Varia
904 745 1019 809 autem
1036 743 1172 808 nomina
1188 733 1320 809 arbitris
1335 742 1402 810 illis

228 843 398 929 induntur,
429 845 524 914 velut
547 851 691 931 ’γείτονες
713 853 733 933 ἢ
757 850 874 933 αἱρετοὶ
897 851 1055 914 δικασταί
1081 848 1280 934 (Χ1,915Ο);
1310 852 1400 915 ‘teoc-

227 955 315 1037 τητοί
345 958 365 1037 ἢ
397 956 540 1048 γείτονες
573 953 727 1040 11111920
738 955 791 1041 1));
822 957 950 1040 (αἱρετοὶ
979 957 1121 1022 δικασταὶ
1151 1007 1158 1023 .
1182 1005 1189 1021 .
1213 1006 1219 1020 .
1251 957 1403 1059 διαιτηταί

229 1061 385 1125 δικαστῶν
407 1063 550 1144 τοῦνομα
572 1064 694 1145 μᾶλλον
715 1065 840 1146 πρέπον
862 1066 998 1146 ἔχοντας’
1023 1062 1271 1147 1ΧΠ,956ΒΟ).

316 1166 435 1232 Utrum
466 1166 616 1253 publicos
648 1189 693 1234 au
722 1170 872 1255 privatos
903 1190 948 1235 an
971 1166 1114 1255 denique
1138 1171 1172 1235 et
1194 1168 1343 1256 publicos
1366 1172 1401 1235 et

227 1272 377 1359 privatos
401 1276 557 1359 διαιτητὰς
578 1275 735 1361 respiciat
749 1274 847 1341 Plato
872 1275 977 1341 7761)
1001 1314 1044 1324 -
1067 1297 1133 1362 quo
1149 1275 1221 1342 loco
1236 1296 1304 1341 non
1320 1276 1401 1342 civi-

229 1381 311 1446 tatis
328 1381 522 1447 condendae
539 1383 695 1466 ὂιαιτητὰς
710 1381 877 1467 intellegit
891 1382 1002 1448 verbis
1017 1385 1177 1467 (καθάπερ
1193 1385 1227 1448 ἐν
1241 1390 1307 1455 ταῖς
1323 1385 1402 1449 διαί·

227 1491 302 1560 ταις’
326 1526 370 1534 -
393 1487 476 1553 nihil
500 1489 625 1554 attinet
647 1490 797 1555 scrutari.

315 1594 386 1660 lam
403 1615 480 1661 vero
496 1595 525 1661 si
541 1595 637 1661 alteri
652 1594 919 1662 adversariorum
935 1615 993 1682 per
1008 1595 1149 1662 arbitros
1165 1598 1283 1682 nequit
1298 1595 1399 1662 satis-

226 1700 309 1784 fieri,
333 1701 412 1767 lioet
432 1701 465 1767 ei
489 1701 580 1769 adire
604 1705 806 1787 δικαστήριον
828 1704 1005 1787 φυλετικόν,
1030 1702 1125 1769 cuius
1140 1700 1267 1769 iudices
1281 1739 1328 1751 -
1342 1702 1401 1789 qui

227 1807 324 1874 modo
346 1817 494 1893 κωμῆται
517 1810 654 1893 (762Α),
678 1810 775 1876 modo
799 1812 929 1894 φυλέται
952 1807 1153 1893 1111165661
1177 1814 1341 1875 vocantur
1359 1848 1400 1857 —

227 1918 316 1980 sorte
338 1914 439 1998 fingit
462 1914 537 1981 duci
559 1914 655 1982 Plato
680 1917 754 1998 (768
765 1916 811 2001 Β).

315 2020 381 2086 Vix
410 2026 526 2088 tamen
555 2023 590 2088 in
616 2023 727 2089 Attica
758 2025 856 2089 erant
884 2021 1020 2105 iudices,
1052 2022 1110 2108 qui
1140 2025 1305 2107 κωμήταις
1334 2022 1400 2089 illis

227 2130 305 2214 apte
320 2132 604 2215 compararentur3
628 2150 668 2196 ac
682 2149 883 2215 magnopere
898 2133 988 2196 errat
1004 2128 1222 2212 salibaumq
1245 2132 1401 2214 κωμήτας

226 2255 357 2320 quoque
384 2236 418 2300 in
443 2237 607 2320 διαιτητῶν
629 2235 759 2302 habens
782 2256 920 2302 numero
943 2236 1068 2302 verbis:
1099 2234 1206 2301 ‘Plato
1228 2236 1294 2302 tria
1317 2256 1399 2302 con-

226 2342 338 2407 stituit
348 2341 544 2408 iudiciorum
556 2363 690 2427 genera:
705 2344 849 2429 primum
860 2343 1058 2410 arbitrorum
1072 2345 1255 2427 (διαιτητῶν)
1269 2363 1399 2409 eorum-

226 2468 290 2533 que
313 2448 368 2514 vel
391 2450 572 2516 amicorum
596 2471 636 2516 ac
650 2451 836 2517 vicinorum
851 2449 906 2517 vel
922 2450 1025 2517 etiam
1042 2448 1214 2516 tribulium
1229 2450 1399 2516 omnium?

314 2554 408 2635 Quae
430 2557 602 2624 sententia
624 2578 692 2624 non
707 2577 775 2625 uno
790 2556 917 2641 Legum
932 2556 1004 2624 loco
1021 2556 1204 2623 certissime
1219 2555 1396 2641 refutatur,

225 2660 320 2727 velut
342 2660 526 2744 XI‚920D:
550 2646 652 2736 ’δίκας
675 2664 752 2730 εἶναι
775 2714 782 2730 .
807 2716 813 2730 .
838 2717 845 2732 .
869 2667 903 2730 ἐν
924 2672 991 2736 ταῖς
1013 2666 1238 2748 aeternatur
1262 2664 1398 2738 δίκαις,

225 2769 280 2833 ἐὰν
302 2771 337 2834 ἓν
360 2771 567 2854 διαιτηταῖς
590 2822 596 2836 .
621 2820 628 2835 .
652 2821 658 2836 .
681 2772 728 2856 μὴ
753 2773 910 2837 δύνωνται
933 2773 1187 2836 omnicreator?

313 2876 511 2959 X11,956B:
543 2881 707 2961 ’πρῶτον
739 2880 856 2962 αἱρετοὶ
886 2879 1031 2944 δικασταὶ
1054 2879 1196 2961 γίγνοιντ’
1221 2879 1269 2951 ἄν,
1301 2877 1398 2942 διαι·

225 2986 358 3066 τηταί.
383 3034 389 3048 .
414 3035 421 3049 .
445 2985 616 3068 δεύτεροι
641 2986 676 3051 δὲ
698 2993 873 3069 κωμῆται
895 2986 958 3049 καὶ
980 2987 1155 3069 poliret?

314 3089 378 3171 Qui
399 3111 442 3157 ne
464 3092 500 3157 in
523 3093 669 3176 φυλετῶν
692 3088 827 3178 quidem
842 3092 1014 3157 sententia
1030 3092 1245 3176 acquiescens
1260 3088 1398 3155 tertium

224 3216 361 3261 causam
393 3196 540 3283 aliquam
570 3198 735 3284 privatam
760 3200 853 3284 cupit
875 3196 1063 3284 disceptari,
1096 3197 1126 3262 ei
1148 3194 1397 3284 provocandum

224 3305 277 3369 est
308 3301 352 3368 ad
381 3305 490 3369 κοινὸν
521 3307 731 3390 δικαστήριον,
762 3304 852 3370 unde
875 3304 970 3370 nulla
991 3303 1194 3391 permittitur
1216 3301 1398 3389 appellatio

225 3410 299 3489 (767
312 3411 354 3474 A:
389 3410 436 3475 ‘ro
467 3412 502 3477 δὲ
532 3415 664 3496 τρίτον.
689 3463 695 3478 .
720 3463 726 3477 .
749 3414 837 3484 τέλος
859 3410 1004 3498 {ancistro
1034 3418 1073 3496 τῇ
1104 3413 1192 3495 δίκη·
1223 3403 1407 3496 praeterea¹

225 3514 376 3582 conferas
400 3517 465 3583 768
476 3516 523 3601 B).
569 3517 770 3585 Conlormari
797 3523 911 3584 autem
934 3517 1009 3584 vult
1031 3517 1128 3583 Plato
1152 3516 1215 3583 hoc
1237 3515 1397 3582 iudicium

224 3643 267 3688 ex
297 3623 422 3709 optimo
453 3644 584 3710 quoque
615 3626 763 3691 omnium
794 3626 1052 3708 magistratuum
1084 3623 1257 3706 (767611),
1293 3643 1396 3709 quam

224 3729 266 3795 ob
296 3750 367 3796 rem
396 3730 522 3797 iudices
545 3730 619 3796 illos
645 3730 737 3797 haud
759 3751 834 3799 raro
858 3731 1011 3798 nominat
1034 3734 1232 3815 ἐκκρίτους
1254 3730 1310 3796 vel
1333 3733 1396 3795 ἐκ-

223 3836 411 3921 λεκτούςθ)
451 3836 539 3918 Quos
562 3840 651 3904 recte
675 3840 791 3905 monet
805 3837 1006 3921 Hermann4)
1031 3837 1197 3924 ‘quamvis
1214 3836 1397 3923 quotannis

222 3996 436 4008 *—

312 4084 330 4154 q
349 4101 376 4141 n.
395 4085 542 4160 11176611.

312 4171 330 4242 ³)
349 4173 441 4230 Herm.
461 4175 495 4229 de
513 4173 638 4244 vestigiis
655 4173 692 4228 46
709 4190 737 4232 n.
752 4173 810 4231 182.

311 4261 330 4331 ⁴)
349 4262 413 4318 ibid.
