3292 5017
775 396 993 462 „20-

386 573 421 640 Si
452 573 526 660 quis
556 576 653 660 pater
679 576 924 640 testamentum
947 572 1133 656 conscribit,
1164 573 1306 659 primurn
1328 570 1472 639 filiorum
1593 559 1594 562 ¹

295 700 372 747 eum
407 682 541 765 notato,
578 700 677 767 quem
711 682 917 764 κληρονόμον
950 680 1024 746 lieri
1060 681 1163 766 cupit3
1198 680 1250 746 sin
1286 678 1474 766 complures
1594 699 1595 702 ¹

294 790 468 874 praeterea
501 785 560 852 filii
594 789 776 873 supersunt
804 786 840 852 in
871 786 1001 852 nullum
1030 788 1151 871 κλῆρον
1181 785 1347 873 adoptati,
1383 784 1473 872 patri

294 896 341 959 ‘rol
364 896 511 978 περιόντα
533 901 590 959 τοῦ
614 896 747 978 κλήροο’
775 894 864 961 inter
894 914 951 959 ees
973 892 1074 960 liceat
1097 891 1305 976 distribuere,
1336 896 1471 959 utcum-

294 1022 359 1087 que
386 1000 477 1067 libet.
523 999 584 1066 Oui
606 1003 722 1066 tamen
744 998 811 1066 filio
835 1002 954 1086 κλῆρος
976 1001 1043 1065 iam
1068 1001 1227 1086 suppetit,
1259 1001 1290 1065 ei
1312 1002 1409 1086 pater
1430 1019 1476 1064 ne

295 1106 374 1194 quid
404 1109 610 1174 testamento
643 1106 817 1190 attribuat,
849 1128 935 1173 neve
959 1106 1067 1189 magis
1090 1106 1191 1190 filiae,
1224 1128 1310 1193 quae
1333 1106 1395 1173 viri
1419 1108 1476 1172 est

295 1234 428 1300 sponsa.

383 1320 422 1385 In
451 1320 505 1385 his
535 1321 616 1407 quin
646 1319 789 1406 plurima
819 1320 1074 1387 ab·Atticorum
1104 1319 1235 1404 legibus
1258 1319 1370 1385 aliena
1393 1319 1472 1403 sint,

295 1425 441 1494 dubitari
463 1447 530 1493 non
554 1430 674 1513 potest.
720 1427 836 1513 Neque
861 1428 948 1493 euim
972 1428 1115 1494 Athenis
1140 1430 1296 1493 sanctum
1319 1428 1401 1508 erat,
1434 1429 1475 1492 ut

294 1533 355 1599 uni
376 1536 512 1600 tantum
535 1532 605 1599 filie
629 1537 723 1600 totus
747 1534 837 1606 οῖκος
859 1533 1048 1601 traderetur
1069 1572 1114 1583 -
1136 1532 1170 1599 id
1194 1531 1282 1620 quod
1296 1531 1473 1599 Platonem

295 1642 446 1707 statuere
470 1661 546 1706 eum
570 1662 612 1707 ex
635 1640 737 1708 9230
760 1645 835 1708 tum
850 1662 893 1707 ex
908 1640 948 1724 V,
960 1640 1063 1706 74οΒ
1080 1639 1223 1707 dilucide
1239 1642 1408 1728 apparet⁶t
1428 1678 1474 1687 —

296 1746 355 1813 sed
387 1746 499 1813 omnia
528 1748 616 1813 inter
641 1746 781 1813 heredes
805 1747 991 1834 aequaliter
1012 1745 1082 1813 iere
1107 1746 1260 1814 distribui
1283 1746 1474 1829 solebant.⁰t

295 1857 345 1919 Ac
367 1875 410 1918 ne
433 1853 497 1920 hoc
519 1852 654 1940 quidem
677 1875 753 1920 cum
768 1853 1027 1920 Atheniensium
1051 1853 1293 1920 consuetudine
1309 1852 1472 1937 congruit,
1601 1857 1602 1862 ’

296 1960 385 2047 quod
408 1960 505 2027 Plato
535 1960 616 2042 lilio,
649 1961 703 2027 cui
733 1963 853 2045 κλῆρος
876 1961 945 2026 iam
968 1960 1134 2044 obtigerit,
1168 1964 1229 2028 aut
1250 1960 1353 2044 filiae,
1385 1979 1476 2046 quae
1602 1961 1603 1992 ³

296 2067 424 2133 habeat
453 2088 624 2154 sponsum,
657 2066 840 2153 quidquam
871 2068 976 2154 patris
1007 2070 1213 2135 testamento
1236 2070 1334 2134 vetat
1357 2065 1477 2133 addici.

295 2173 408 2240 Unum
431 2176 547 2240 tamen
570 2173 614 2241 ad
636 2175 767 2261 patriae
789 2174 950 2241 instituta
972 2175 1063 2241 haud
1088 2176 1155 2242 seio
1179 2197 1223 2242 an
1247 2173 1476 2241 accommodet

296 2279 527 2367 philosophae,
550 2281 646 2347 iubet
670 2283 758 2347 enim
781 2285 910 2368 patrem
935 2286 1026 2348 οἴκου
1049 2281 1206 2349 heredem
1230 2281 1372 2348 scribere
1396 2300 1474 2345 eum

296 2387 414 2470 filium,
439 2390 654 2474 ’κληρονόμον
678 2392 723 2454 ὃν
746 2391 794 2453 ἄν
818 2391 939 2473 ἀξιώσῃ
964 2392 1134 2473 γίγνεσθαί
1159 2389 1213 2455 vel
1235 2393 1293 2454 ‘dr
1315 2393 1362 2453 ἂν
1385 2390 1474 2470 αὐτῷ

295 2496 428 2579 μάλιστα
444 2495 466 2579 ᾖ
482 2497 583 2580 φίλον’
610 2495 659 2576 (V,
671 2496 735 2561 740
747 2494 820 2580 qu
846 2495 967 2582 quibus
992 2517 1035 2561 ex
1050 2496 1160 2562 verbis
1176 2495 1348 2582 perspicue
1365 2494 1480 2560 elucet

297 2600 474 2667 Platonem
496 2602 532 2667 in
554 2600 771 2668 instituendis
794 2600 971 2668 heredibus
994 2602 1065 2669 filie
1081 2605 1166 2668 natu
1182 2603 1328 2668 maxime
1344 2598 1474 2665 nullum

298 2708 476 2775 concedere
500 2711 539 2772 ut
560 2709 611 2774 ita
634 2706 742 2774 dicam
764 2709 993 2796 praecipuum3
1017 2729 1125 2795 neque
1149 2708 1246 2775 aliter
1261 2706 1404 2772 Athenis
1420 2724 1478 2769 res

298 2837 334 2881 se
357 2815 518 2880 habuisse
542 2813 709 2899 videtur.⁸l

386 2921 491 2988 Plane
515 2920 633 2988 deinde
658 2943 731 2988 cum
757 2922 877 3014 Atticis
900 2922 1030 3007 legibus
1055 2922 1224 3006 conspirat
1246 2919 1478 3005 praeceptum,

239 3017 246 3028 '
298 3028 388 3115 quod
410 3027 507 3095 Plato
532 3028 702 3095 observari
717 3028 793 3096 vult
815 3030 860 3096 ab
884 3050 933 3112 ee,
958 3032 1015 3115 qui
1037 3028 1170 3095 filiabus
1192 3029 1329 3093 tantum
1350 3023 1474 3091 relictis

297 3135 402 3202 iaciat
413 3138 657 3202 testamentum
670 3137 833 3219 (923E);⁹)
859 3136 982 3203 etenim
994 3156 1037 3201 ue
1051 3135 1194 3200 Athenis
1210 3132 1344 3220 quidem
1360 3133 1400 3216 ei,
1418 3130 1476 3216 qui

298 3242 387 3308 filias
418 3241 568 3308 habebat
598 3240 774 3325 legitimas,
801 3242 943 3308 liberum
973 3242 1020 3307 rei
1050 3240 1223 3306 familiaris
1247 3238 1479 3327 disponendae

300 3348 472 3415 arbitrium
511 3347 768 3432 concedebatur;
803 3350 904 3414 immo
943 3369 1043 3434 quem
1073 3346 1229 3414 heredem
1267 3346 1409 3413 scribere
1439 3347 1474 3410 in

300 3456 412 3522 animo
438 3455 597 3540 habebat,
630 3455 661 3521 ei
694 3476 799 3521 unam
830 3476 872 3521 ex
894 3454 1027 3520 filiabus
1051 3453 1256 3540 despondere
1280 3453 1480 3535 debebatl⁰l

389 3705 408 3773 5)
429 3705 465 3759 cs.
484 3704 576 3759 Herm.
597 3705 631 3759 de
649 3703 778 3774 vestigiis
796 3704 832 3758 25
845 3720 887 3776 sq.

389 3794 408 3863 θ)
428 3795 488 3848 Att.
506 3793 585 3848 Proc.
604 3793 666 3848 602.

389 3885 409 3953 7)
428 3882 463 3937 cl.
482 3879 575 3941 Herm.
594 3881 629 3937 de
647 3882 775 3953 vestigiis
793 3882 830 3937 26
848 3900 875 3937 ιι.
887 3883 932 3938 86.

390 3971 409 4041 8)
427 3972 487 4026 Att.
512 3972 593 4028 Proc.
612 3971 665 4026 575
689 3988 717 4027 n.
735 3972 801 4038 2573
829 3971 983 4036 Beeuchet‚
1012 3972 1086 4027 droit
1112 3971 1191 4043 prive
1215 3970 1324 4035 111,le
1333 3987 1384 4042 sq,
1408 3968 1481 4036 675)

300 4061 455 4126 ballomer,
475 4061 550 4116 droit
562 4060 597 4116 de
610 4061 771 4118 succession
784 4060 821 4116 60
830 4078 885 4133 sq.;
905 4060 988 4116 aliter
1000 4064 1133 4117 statuunt
1145 4060 1217 4116 Hille
1235 4062 1280 4130 (de
1292 4060 1482 4120 testamentis

300 4149 344 4220 39)
364 4153 392 4206 et
411 4150 561 4206 'lhalheim
579 4151 621 4221 (R.
639 4151 673 4206 A.
692 4150 727 4205 62
745 4167 772 4206 n.
785 4150 821 4219 2).

391 4241 410 4310 9)
429 4239 465 4295 cs.
484 4238 576 4295 Herm.
595 4240 646 4295 iur.
666 4239 740 4295 dem.
760 4256 851 4312 comp.
864 4239 907 4295 24.

392 4329 423 4396 10)
442 4328 535 4384 Herm.
554 4328 663 4384 'Phelha
675 4328 709 4384 R.
728 4329 761 4384 A.
780 4328 828 4396 723
848 4331 908 4385 Att.
927 4329 1008 4385 Proc.
1027 4328 1088 4384 569.
