3292 5017
760 387 984 453 „30-

281 567 461 648 ἀστρατείας
475 567 597 652 petant
606 566 668 650 31⁹⁸)
696 565 762 631 hae
779 586 910 652 poenae
925 569 1100 652 praeterea
1123 564 1276 633 concedit
1297 569 1337 632 ut
1355 592 1459 651 προσ-

279 674 400 756 τιμήσει
422 669 570 737 iudicum
594 674 789 755 augeantur.

369 777 416 844 Ut
431 780 612 862 ἀστρατείας
626 778 665 861 ie,
684 779 741 865 qui
756 778 892 845 omnino
909 778 997 845 bello
1015 778 1138 862 deerat,
1155 779 1206 847 ita
1219 782 1460 867 λιποταξίου,

281 885 337 972 qui
359 885 491 951 irnussu
523 884 769 971 praefectorum
792 885 976 951 exercitum
999 884 1185 970 deserebat,
1216 887 1460 974 petebatur.¹⁹⁹)

280 994 435 1061 Ceterum
458 1012 563 1059 causa
584 995 764 1068 λιποταξίου
789 991 905 1058 itidem
927 993 1139 1060 tractabatur
1161 995 1201 1060 ut
1216 994 1323 1079 γραφὴ
1341 996 1459 1078 ἀστρα-

279 1102 376 1171 τείας·
400 1120 509 1186 neque
533 1098 631 1165 aliter
653 1098 776 1166 statuit
797 1098 896 1165 Plato
921 1100 1054 1184 (943D).

370 1206 433 1286 Qui
455 1226 532 1271 reus
557 1226 694 1272 causam
718 1207 846 1272 ὅπλων
869 1208 1087 1291 ῥιφθέντων
1103 1205 1283 1290 (9440)*00)
1307 1205 1458 1274 amiserit

228 1322 229 1325 ’
280 1312 324 1379 ab
363 1333 402 1378 eo
437 1310 655 1399 philosophus
691 1311 800 1392 <944E
816 1318 885 1399 sq.)‚
920 1316 1154 1400 praeterquam
1188 1311 1278 1400 qued
1309 1314 1454 1381 multam

280 1419 395 1485 censui
430 1419 686 1485 convenientem
721 1419 750 1485 ei
782 1419 908 1506 imponi
938 1420 1024 1503 vult,
1059 1420 1189 1505 copiam
1218 1418 1389 1487 abiudicat
1422 1422 1458 1487 in

279 1528 451 1612 posterum
484 1524 652 1612 stipendia
673 1519 846 1610 iaciendi;'
866 1525 1011 1594 Athenis
1034 1526 1112 1594 tatia
1135 1526 1230 1594 miles
1252 1527 1332 1593 item
1355 1526 1458 1613 plena

280 1631 373 1699 affici
395 1631 529 1700 solebat
551 1635 666 1718 ἀτιμίᾳ.

368 1739 519 1827 Denique
549 1738 714 1807 afferatur
735 1740 857 1807 955D:
888 1740 972 1814 ’τοὺς
1002 1749 1041 1826 τῇ
1070 1742 1195 1824 πατρίδι
1228 1743 1455 1814 διακονοῦντας

280 1849 417 1931 δώρων
447 1848 547 1931 χωρὶς
577 1848 639 1932 χρὴ
672 1849 830 1913 διακονεῖν
856 1899 863 1913 .
887 1896 895 1913 .
919 1898 925 1913 .
957 1849 1034 1913 ὅδὲ
1060 1849 1105 1932 μὴ
1128 1850 1322 1931 πειθόμενος
1345 1849 1459 1920 ἁπλῶς

278 1956 422 2020 catedra)
454 1955 550 2026 ἁλοδς
580 1962 619 2039 τῇ
650 1955 743 2038 eitun?
797 1953 941 2020 Athenis
975 1956 1084 2039 γραφὴ
1120 1956 1256 2040 δώρων
1278 1954 1319 2020 iis
1342 1955 1456 2020 inten-

280 2060 433 2144 debatur,
466 2061 523 2147 qui
554 2060 650 2127 denis
678 2051 823 2148 currupti
847 2060 978 2127 civitati
1001 2063 1063 2126 aut
1085 2061 1151 2127 civi
1172 2061 1271 2147 alicui
1294 2060 1455 2127 damnum

278 2166 533 2251 intulerantffiffl)
556 2167 621 2234 nisi
645 2166 734 2255 quod
757 2167 861 2251 legati
881 2169 1015 2234 omnino
1032 2167 1121 2234 dona
1136 2170 1283 2253 accipere
1298 2163 1459 2234 videntur

278 2275 378 2340 vetiti
409 2273 578 2359 fuissem)
637 2275 720 2342 Cum
754 2273 852 2341 Plato
888 2273 929 2341 de
961 2276 1080 2359 δώρων
1110 2275 1272 2341 convictis
1296 2277 1457 2358 ᾶτιμήτως

279 2380 478 2468 supplicium
508 2381 624 2448 iubeat
656 2382 753 2464 sumi,
772 2376 829 2447 *ex
859 2403 924 2447 usu
954 2382 1076 2448 forensi
1099 2383 1211 2447 Attice
1241 2402 1319 2447 reus
1351 2402 1456 2448 causa

280 2489 415 2572 amissa,
439 2488 785 2576 praeterquamquod
809 2488 919 2575 capite
944 2488 1209 2570 deminuebatur,
1234 2488 1332 2554 modo
1348 2490 1456 2553 morte

280 2616 355 2662 curn
386 2594 613 2681 publicatione
644 2594 808 2661 bonerum
842 2596 1031 2679 coniuncta,
1064 2595 1161 2661 mede
1191 2614 1301 2681 poena
1324 2591 1456 2677 decupli

279 2700 554 2784 multabatur.⁹⁰⁸)

369 2932 411 3003 ¹⁹⁸)
431 2933 466 2988 cf.
485 2933 578 2989 Herm.
598 2934 632 2988 de
650 2934 785 3004 vestegiis
803 2933 840 2988 62
858 2950 885 2989 n.
905 2933 965 2989 264.

369 3021 411 3092 ¹⁹⁰)
430 3023 489 3078 Att.
509 3021 588 3078 Prcc.
608 3021 669 3078 463.

368 3111 411 3180 ²⁰⁰)
430 3111 540 3181 Lipsius
559 3112 625 3180 (Att.
639 3111 719 3167 Prcc.
732 3110 786 3165 463
796 3110 846 3182 sq.)
865 3111 985 3166 Athenis
1003 3112 1100 3166 censet
1115 3108 1231 3163 militem
1243 3125 1320 3162 arma
1331 3107 1453 3162 abicien-

278 3203 337 3255 tem
365 3195 462 3257 retae
488 3201 608 3270 petitum
635 3216 704 3276 esse.
734 3216 817 3272 quam
843 3201 949 3271 γραφὴν
975 3201 1010 3254 ab
1038 3200 1097 3253 iure
1125 3197 1219 3252 Attice
1246 3197 1366 3251 alienam
1390 3213 1456 3251 esse

278 3289 430 3343 arbitratur
447 3288 594 3343 'Phalheim
613 3287 652 3357 (N.
672 3288 769 3344 Jahrb.
787 3288 807 3344 i.
828 3288 927 3344 Philol.
950 3287 1000 3342 115
1013 3287 1101 3355 [18771
1119 3302 1145 3356 p.
1159 3284 1234 3356 269>3
1253 3285 1288 3340 cf.
1307 3288 1455 3355 praeterea

279 3376 357 3434 Paul.
376 3377 460 3433 Wiss.
480 3376 627 3443 maaet

368 3466 411 3535 ²⁰¹)
430 3467 489 3522 Att.
507 3466 588 3523 Prcc.
606 3465 669 3521 444.

369 3553 411 3623 Μ)
430 3555 493 3610 ibid.
512 3553 566 3609 445
585 3570 612 3610 n.
631 3553 699 3621 7223
717 3554 796 3610 Paul.
815 3554 899 3609 Wiss.
919 3553 965 3619 V‘,
977 3552 1054 3608 1569.

369 3641 411 3712 ²⁰⁸)
431 3643 578 3708 Swebcda,
588 3642 705 3697 Hermes
717 3643 753 3698 28
765 3642 852 3713 (1893)
864 3659 891 3712 p.
905 3642 955 3697 581
964 3658 971 3708 ;
980 3641 1065 3712 paule
1078 3641 1159 3697 aliter
1171 3642 1271 3697 statuit
1283 3640 1449 3706 Thonissen,

279 3729 354 3786 droit
371 3731 452 3801 pcnal
471 3730 570 3787 2lssss.

564 4332 640 4389 'Pypia
655 4333 779 4388 expressit
791 4330 914 4379 Rebertue
928 4333 1009 4379 Noske
1022 4334 1165 4379 Bornenste.
