3292 5017
747 398 970 463 ,24-

270 576 515 657 cogerentuffl)
567 574 650 641 Cum
683 574 788 642 frater
822 576 905 659 eius,
945 576 1002 663 qni
1036 578 1219 643 intestatus
1258 581 1320 643 aut
1356 576 1447 644 libas

269 682 405 746 tantum
436 684 499 747 aut
528 680 656 748 nullam
688 680 845 767 relinquit
875 682 1010 769 prolem,
1045 685 1081 749 in
1111 685 1223 769 κλήρῳ
1246 682 1446 770 possidendo

268 787 412 873 primum
435 788 587 854 obtineat
610 788 759 873 gradum,
785 809 877 855 soror
900 792 1026 871 autern,
1050 789 1117 855 nisi
1138 789 1231 857 filiae
1254 794 1444 876 supersunt,

269 894 305 960 in
328 894 486 961 nubendo
517 895 599 976 viro,
632 895 685 961 oui
715 893 887 961 hereditas
910 895 1058 979 obvenit,
1095 918 1171 963 cum
1201 900 1377 983 praeterea
1404 918 1447 963 ex

267 999 419 1067 Platonis
434 1001 646 1068 institutione
662 1000 706 1066 ad
727 1001 781 1067 ius
797 1001 994 1068 hereditatis
1018 1002 1202 1089 capiendae
1218 1003 1277 1069 vix
1291 1003 1447 1070 videatur

268 1106 400 1193 referre,
424 1107 546 1174 fratres
570 1110 606 1174 et
621 1129 749 1200 sorores
765 1112 879 1173 utrum
894 1111 1085 1194 ὁμοπάτριοι
1101 1111 1169 1177 sint
1184 1131 1229 1177 an
1245 1113 1444 1195 ὁμομήτριοι,

268 1212 437 1280 interdum
470 1214 545 1280 fieri
578 1216 699 1301 potest,
739 1213 838 1281 modo
876 1215 978 1302 plane
1015 1216 1087 1302 ipse
1125 1216 1189 1282 sibi
1227 1216 1445 1304 philosophus

269 1324 411 1405 constet,
435 1324 475 1387 ut
497 1321 589 1404 virgo
613 1320 811 1389 cumfratre
836 1325 1025 1407 ὁμομητρίῳ
1048 1324 1260 1392 matrimonio
1276 1323 1444 1407 iungatur,

267 1427 303 1495 id
326 1426 414 1513 quod
444 1449 503 1514 per
535 1428 589 1494 ius
617 1432 706 1494 certe
730 1429 878 1494 Atticum
910 1450 979 1495 non
1009 1429 1181 1514 licebatl⁸l
1228 1429 1381 1513 Athenis
1418 1431 1447 1496 si
1488 1465 1491 1469 ‡

269 1534 344 1621 quis
382 1534 566 1601 intestatus
602 1534 714 1601 nullos
751 1533 874 1601 liberos
911 1536 1106 1622 reliquerat,
1153 1536 1241 1604 inter
1278 1538 1445 1624 proximos

268 1644 433 1726 ἀγχιοτέας
456 1662 536 1727 opes
559 1641 631 1707 eius
653 1642 689 1707 in
712 1642 832 1728 stirpes
857 1641 1154 1725 distribuebantur,
1177 1644 1228 1709 ita
1250 1646 1376 1725 tamen,
1406 1647 1447 1709 ut

268 1747 438 1835 proximus
454 1749 595 1836 quisque
610 1749 681 1815 iure
697 1749 752 1815 vel
776 1748 885 1815 officio
900 1750 1072 1836 proximae
1088 1751 1250 1836 cuiusque
1274 1749 1445 1817 ducendae

269 1854 549 1941 supersederetwl
610 1854 683 1935 Qua
720 1855 756 1921 in
793 1876 830 1921 re
864 1876 940 1932 cum
962 1855 1045 1942 proli
1067 1855 1181 1923 fratris
1220 1856 1312 1923 locus
1358 1858 1446 1944 prior

268 1982 449 2028 concessus
472 1963 517 2028 sit
539 1983 642 2048 quam
665 1964 776 2045 sorori,
806 1964 955 2049 itemque
982 1963 1065 2050 proli
1088 1962 1201 2030 fratris
1224 1964 1329 2050 patris
1352 1963 1445 2030 locus

268 2070 355 2155 prior
378 2090 480 2155 quarn
503 2070 606 2136 sorori
628 2070 784 2156 patris,⁸⁰)
800 2067 978 2135 Platonem
1001 2091 1068 2136 non
1093 2069 1175 2135 nihil
1197 2070 1242 2136 ab
1257 2054 1444 2137 Atticorum

186 2177 188 2182 ’
269 2175 341 2241 iure
364 2175 563 2242 hereditario
587 2174 712 2260 digredi
727 2176 762 2241 in
777 2181 934 2263 promptu
950 2180 1011 2243 est.
1046 2176 1141 2258 Quod
1158 2182 1196 2244 ut
1210 2176 1444 2260 illustraretur,

268 2281 417 2348 numeris
440 2283 535 2349 uncis
565 2281 702 2349 inclusis
735 2282 934 2367 significavi,
966 2304 1113 2370 quanam
1142 2285 1226 2350 serie
1251 2305 1293 2351 ex
1315 2283 1444 2368 legibus

270 2389 391 2455 Atticis
415 2387 571 2476 feminae,
596 2411 680 2475 quas
706 2392 883 2455 enumerat
905 2389 1131 2476 philosophus,
1157 2390 1200 2456 ad
1223 2390 1443 2457 hereditatem

269 2496 458 2563 adeundam
483 2500 597 2562 essent
620 2495 795 2563 admissae.

358 2622 440 2688 Arte
471 2642 548 2688 cum
578 2641 613 2686 re
644 2621 846 2687 hereditaria
878 2620 1059 2687 cohaerent
1087 2643 1141 2688 res
1165 2621 1210 2688 ad
1232 2621 1445 2708 adoptionem

269 2731 469 2816 spectantes
503 2727 639 2795 Usitata
654 2748 733 2795 vero
745 2729 888 2795 Athenis
905 2732 1003 2794 erant
1017 2728 1083 2795 tria
1099 2727 1288 2815 adoptionis
1312 2746 1444 2811 genera,

268 2838 369 2924 prout
392 2836 466 2923 quis
482 2838 543 2902 aut
567 2838 647 2901 ante
663 2837 908 2902 testamentum
923 2834 1053 2901 factum
1076 2838 1137 2901 aut
1152 2836 1223 2922 ipso
1239 2835 1444 2900 testamento

267 2943 312 3009 ab
336 2942 448 3029 aliquo
479 2942 705 3029 adoptabatur
735 2943 853 3009 autin
881 2946 962 3027 οἴκῳ
985 2941 1083 3024 illius,
1115 2942 1173 3028 qui
1203 2960 1265 3006 nec
1296 2941 1444 3005 testatus

267 3070 332 3116 nec
353 3048 430 3115 filiis
452 3089 497 3097 —
520 3050 592 3116 sive
619 3050 758 3136 propriis
789 3050 861 3116 sive
885 3048 1055 3135 adoptatis
1078 3086 1122 3097 -
1145 3046 1268 3113 relictis
1291 3048 1444 3112 mortuus

269 3160 351 3240 erat,
377 3178 398 3222 a
420 3156 613 3243 propinquis
637 3178 679 3223 ex
702 3160 876 3242 ἀγχιστείας
899 3156 1012 3222 ordine
1028 3156 1124 3220 heres
1139 3152 1295 3239 filiusque
1319 3154 1444 3220 eonsti-

269 3263 480 3345 tuebatur.⁸¹l
526 3262 655 3330 Horum
679 3262 869 3350 adoptionis
894 3281 1053 3345 generum
1070 3260 1235 3325 variorum
1251 3260 1396 3344 vestigia
1410 3260 1446 3326 in

143 3455 149 3461 Δ
268 3369 394 3453 Legum
418 3391 514 3456 opere
537 3370 697 3454 indagare
720 3390 908 3456 possumus.

272 3664 276 3670 .
358 3619 390 3687 ⁹⁷)
404 3618 501 3673 Herm.
513 3618 564 3673 iur.
579 3618 653 3673 dom.
667 3633 758 3688 comp.
770 3616 815 3671 28.

357 3707 389 3777 ”l
407 3708 467 3762 Att.
479 3706 558 3761 Proc.
569 3706 636 3773 5Ο2;
655 3705 809 3770 Beauohet,
829 3703 904 3759 droit
923 3704 1001 3776 prive
1019 3703 1039 3768 I,
1051 3702 1111 3761 163.
1139 3704 1219 3771 Quod
1233 3720 1268 3760 ex
1277 3703 1326 3758 illo
1335 3703 1443 3772 Legum

267 3796 331 3851 loco
351 3796 523 3867 collegimus,
542 3795 626 3850 Plato
643 3794 755 3850 disertis
764 3794 858 3849 verbis
870 3793 1010 3865 permittit
1019 3792 1061 3848 De
1070 3793 1140 3863 Rep.
1151 3793 1183 3858 V,
1194 3792 1289 3848 min:
1308 3787 1445 3860 ’ἀδελφοὺς

268 3882 298 3939 δὲ
315 3888 361 3938 καὶ
378 3881 494 3954 ἀδελφὰς
511 3880 588 3937 δώσει
605 3882 620 3937 ὁ
638 3881 721 3953 τόμος
739 3881 881 3937 memte&

357 3976 391 4038 ²⁹)
411 3975 492 4039 Hillo,
511 3975 546 4029 de
563 3973 743 4029 testamentis
761 3972 810 4040 223
831 3971 990 4037 Gressholl,
1011 3972 1046 4026 de
1063 3970 1244 4026 successione
1261 3969 1305 4025 30.

357 4064 390 4134 ⁸⁰)
409 4064 469 4120 Act.
482 4063 563 4119 Proc.
576 4062 629 4118 582
641 4079 691 4129 ss.;
720 4062 879 4128 Grasshoff,
908 4061 944 4116 de
969 4060 1147 4116 successione
1165 4058 1201 4114 58
1226 4062 1256 4114 et
1273 4058 1322 4125 69;
1349 4058 1443 4112 Herm.

268 4153 384 4210 'fhums
404 4154 552 4209 Steatsalt.
566 4152 599 4218 ll,
609 4152 671 4207 454.

340 4243 373 4313 ⁸¹)
391 4242 472 4298 Paul.
485 4242 569 4299 Wiss.
583 4242 612 4296 1¹
630 4241 684 4296 eet
694 4258 750 4314 sq.;
769 4242 830 4297 Att.
843 4240 924 4296 Proc.
937 4239 992 4296 539
1001 4256 1056 4311 sq.;
1081 4237 1174 4293 Herm.
1187 4236 1288 4292 Thnlh.
1300 4235 1334 4291 R.
1347 4237 1381 4291 A.
1392 4234 1443 4301 tm

267 4332 424 4399 Beauchet,
443 4332 518 4388 droit
535 4331 614 4397 urive
633 4330 740 4397 ll,9es.
