<?xml version="1.0" encoding="UTF-8"?>
<!DOCTYPE html PUBLIC "-//W3C//DTD XHTML 1.0 Transitional//EN"
    "http://www.w3.org/TR/xhtml1/DTD/xhtml1-transitional.dtd">
<html xmlns="http://www.w3.org/1999/xhtml" xml:lang="en" lang="en">
 <head>
  <title>
</title>
<meta http-equiv="Content-Type" content="text/html;charset=utf-8" />
  <meta name='ocr-system' content='tesseract 3.04.00' />
  <meta name='ocr-capabilities' content='ocr_page ocr_carea ocr_par ocr_line ocrx_word'/>
</head>
<body>
  <div class='ocr_page' id='page_1' title='image "./quomodoplatoinl00schugoog_0061.png"; bbox 0 0 3292 5017; ppageno 0'>
   <div class='ocr_carea' id='block_1_1' title="bbox 696 408 912 475">
    <p class='ocr_par' dir='ltr' id='par_1_1' title="bbox 696 408 912 475">
     <span class='ocr_line' id='line_1_1' title="bbox 696 408 912 475; baseline 0.005 -21"><span class='ocrx_word' id='word_1_1' title='bbox 696 408 912 475; x_wconf 72' lang='grc'>,57-</span> 
     </span>
    </p>
   </div>
   <div class='ocr_carea' id='block_1_2' title="bbox 215 567 1391 688">
    <p class='ocr_par' dir='ltr' id='par_1_2' title="bbox 215 567 1391 688">
     <span class='ocr_line' id='line_1_2' title="bbox 215 567 1391 688; baseline 0.003 -22"><span class='ocrx_word' id='word_1_2' title='bbox 215 599 396 667; x_wconf 88' lang='lat' dir='ltr'>ooniunota</span> <span class='ocrx_word' id='word_1_3' title='bbox 417 603 548 686; x_wconf 81' lang='lat' dir='ltr'>erat;⁰⁰)</span> <span class='ocrx_word' id='word_1_4' title='bbox 572 600 650 668; x_wconf 89' lang='lat' dir='ltr'>inde</span> <span class='ocrx_word' id='word_1_5' title='bbox 666 602 777 685; x_wconf 85' lang='lat' dir='ltr'>igitur,</span> <span class='ocrx_word' id='word_1_6' title='bbox 801 602 891 688; x_wconf 93' lang='lat' dir='ltr'>quod</span> <span class='ocrx_word' id='word_1_7' title='bbox 906 623 949 669; x_wconf 88' lang='lat' dir='ltr'>ne</span> <span class='ocrx_word' id='word_1_8' title='bbox 965 567 1115 668; x_wconf 87' lang='lat' dir='ltr'>exsulem</span> <span class='ocrx_word' id='word_1_9' title='bbox 1130 601 1264 688; x_wconf 90' lang='lat' dir='ltr'>quidem</span> <span class='ocrx_word' id='word_1_10' title='bbox 1278 606 1391 687; x_wconf 83' lang='grc' dir='ltr'><strong><em>ἄτιμον</em></strong></span> 
     </span>
    </p>
   </div>
   <div class='ocr_carea' id='block_1_3' title="bbox 214 707 1390 1649">
    <p class='ocr_par' dir='ltr' id='par_1_3' title="bbox 214 707 1390 1649">
     <span class='ocr_line' id='line_1_3' title="bbox 214 707 1390 795; baseline 0.003 -23"><span class='ocrx_word' id='word_1_11' title='bbox 214 711 412 774; x_wconf 85' lang='grc' dir='ltr'><strong><em>τιαντάτιασιν</em></strong></span> <span class='ocrx_word' id='word_1_12' title='bbox 446 729 520 775; x_wconf 92' lang='lat' dir='ltr'>esse</span> <span class='ocrx_word' id='word_1_13' title='bbox 553 708 629 774; x_wconf 90' lang='lat' dir='ltr'>vult</span> <span class='ocrx_word' id='word_1_14' title='bbox 659 707 765 791; x_wconf 82' lang='lat' dir='ltr'>Plato,</span> <span class='ocrx_word' id='word_1_15' title='bbox 800 708 882 773; x_wconf 93' lang='lat' dir='ltr'>mihi</span> <span class='ocrx_word' id='word_1_16' title='bbox 916 707 1050 795; x_wconf 89' lang='lat' dir='ltr'>quidem</span> <span class='ocrx_word' id='word_1_17' title='bbox 1082 707 1223 775; x_wconf 82' lang='lat' dir='ltr'>dilucide</span> <span class='ocrx_word' id='word_1_18' title='bbox 1257 708 1390 776; x_wconf 89' lang='lat' dir='ltr'>videtur</span> 
     </span>
     <span class='ocr_line' id='line_1_4' title="bbox 214 814 1389 902; baseline 0.003 -23"><span class='ocrx_word' id='word_1_19' title='bbox 214 834 375 900; x_wconf 80' lang='lat' dir='ltr'>apparere</span> <span class='ocrx_word' id='word_1_20' title='bbox 405 814 553 899; x_wconf 79' lang='lat' dir='ltr'>intellegi</span> <span class='ocrx_word' id='word_1_21' title='bbox 582 814 674 881; x_wconf 92' lang='lat' dir='ltr'>illam</span> <span class='ocrx_word' id='word_1_22' title='bbox 709 818 842 900; x_wconf 82' lang='grc' dir='ltr'><strong><em>ἀτιμίαν.</em></strong></span> <span class='ocrx_word' id='word_1_23' title='bbox 865 854 910 863; x_wconf 91' lang='grc'><strong>-</strong></span> <span class='ocrx_word' id='word_1_24' title='bbox 933 814 1042 896; x_wconf 76' lang='lat' dir='ltr'>Quid?</span> <span class='ocrx_word' id='word_1_25' title='bbox 1076 815 1164 902; x_wconf 94' lang='lat' dir='ltr'>quod</span> <span class='ocrx_word' id='word_1_26' title='bbox 1187 815 1252 881; x_wconf 87' lang='lat' dir='ltr'>hao</span> <span class='ocrx_word' id='word_1_27' title='bbox 1281 836 1389 901; x_wconf 91' lang='lat' dir='ltr'>poena</span> 
     </span>
     <span class='ocr_line' id='line_1_5' title="bbox 215 922 1389 1008; baseline 0.001 -22"><span class='ocrx_word' id='word_1_28' title='bbox 215 925 345 988; x_wconf 92' lang='lat' dir='ltr'>remota</span> <span class='ocrx_word' id='word_1_29' title='bbox 368 926 606 988; x_wconf 78' lang='lat' dir='ltr'>enumerantur</span> <span class='ocrx_word' id='word_1_30' title='bbox 628 941 766 1008; x_wconf 85' lang='lat' dir='ltr'>poenae,</span> <span class='ocrx_word' id='word_1_31' title='bbox 799 942 887 1008; x_wconf 88' lang='lat' dir='ltr'>quae</span> <span class='ocrx_word' id='word_1_32' title='bbox 911 922 1061 988; x_wconf 85' lang='lat' dir='ltr'>adhiberi</span> <span class='ocrx_word' id='word_1_33' title='bbox 1082 922 1250 1005; x_wconf 83' lang='lat' dir='ltr'>iubentur,</span> <span class='ocrx_word' id='word_1_34' title='bbox 1278 922 1389 988; x_wconf 83' lang='lat' dir='ltr'>verbis</span> 
     </span>
     <span class='ocr_line' id='line_1_6' title="bbox 215 1026 1390 1115; baseline 0.001 -22"><span class='ocrx_word' id='word_1_35' title='bbox 215 1026 370 1094; x_wconf 68' lang='grc' dir='ltr'><strong><em>’θάνατον</em></strong></span> <span class='ocrx_word' id='word_1_36' title='bbox 393 1030 428 1094; x_wconf 76' lang='grc' dir='ltr'>δὲ</span> <span class='ocrx_word' id='word_1_37' title='bbox 451 1033 471 1113; x_wconf 81' lang='grc' dir='ltr'><em>ἢ</em></span> <span class='ocrx_word' id='word_1_38' title='bbox 496 1030 633 1113; x_wconf 78' lang='grc' dir='ltr'><strong><em>δεσμοὺς</em></strong></span> <span class='ocrx_word' id='word_1_39' title='bbox 649 1081 655 1094; x_wconf 92' lang='grc'><strong>.</strong></span> <span class='ocrx_word' id='word_1_40' title='bbox 673 1080 680 1094; x_wconf 91' lang='grc'><strong>.</strong></span> <span class='ocrx_word' id='word_1_41' title='bbox 697 1081 704 1094; x_wconf 94' lang='grc'><strong>.</strong></span> <span class='ocrx_word' id='word_1_42' title='bbox 722 1033 739 1093; x_wconf 83' lang='grc'>.’</span> <span class='ocrx_word' id='word_1_43' title='bbox 763 1029 821 1112; x_wconf 78' lang='lat' dir='ltr'>ita,</span> <span class='ocrx_word' id='word_1_44' title='bbox 851 1033 888 1093; x_wconf 81' lang='lat' dir='ltr'>ut</span> <span class='ocrx_word' id='word_1_45' title='bbox 911 1031 1015 1113; x_wconf 77' lang='grc' dir='ltr'><em>ἀτιμία</em></span> <span class='ocrx_word' id='word_1_46' title='bbox 1038 1027 1139 1115; x_wconf 83' lang='lat' dir='ltr'>plena</span> <span class='ocrx_word' id='word_1_47' title='bbox 1162 1028 1202 1095; x_wconf 87' lang='lat' dir='ltr'>de</span> <span class='ocrx_word' id='word_1_48' title='bbox 1225 1027 1390 1094; x_wconf 81' lang='lat' dir='ltr'>industria</span> 
     </span>
     <span class='ocr_line' id='line_1_7' title="bbox 218 1134 1389 1222; baseline -0.001 -22"><span class='ocrx_word' id='word_1_49' title='bbox 218 1135 402 1201; x_wconf 88' lang='lat' dir='ltr'>omittatur.</span> <span class='ocrx_word' id='word_1_50' title='bbox 462 1135 612 1222; x_wconf 90' lang='lat' dir='ltr'>Denique</span> <span class='ocrx_word' id='word_1_51' title='bbox 651 1134 780 1202; x_wconf 85' lang='lat' dir='ltr'>delictis</span> <span class='ocrx_word' id='word_1_52' title='bbox 823 1135 1023 1221; x_wconf 89' lang='lat' dir='ltr'>quibusdam</span> <span class='ocrx_word' id='word_1_53' title='bbox 1061 1135 1206 1201; x_wconf 81' lang='lat' dir='ltr'>Athenis</span> <span class='ocrx_word' id='word_1_54' title='bbox 1244 1137 1389 1219; x_wconf 70' lang='grc' dir='ltr'><strong><em>’ἀτιμίᾳ</em></strong></span> 
     </span>
     <span class='ocr_line' id='line_1_8' title="bbox 214 1241 1389 1329; baseline 0.001 -23"><span class='ocrx_word' id='word_1_55' title='bbox 214 1244 413 1318; x_wconf 59' lang='lat' dir='ltr'>aolidae?</span> <span class='ocrx_word' id='word_1_56' title='bbox 448 1241 496 1308; x_wconf 93' lang='lat' dir='ltr'>lui</span> <span class='ocrx_word' id='word_1_57' title='bbox 529 1242 636 1309; x_wconf 92' lang='lat' dir='ltr'>solitis</span> <span class='ocrx_word' id='word_1_58' title='bbox 669 1241 904 1329; x_wconf 88' lang='lat' dir='ltr'>philosophum</span> <span class='ocrx_word' id='word_1_59' title='bbox 938 1242 1107 1329; x_wconf 88' lang='lat' dir='ltr'>imponere</span> <span class='ocrx_word' id='word_1_60' title='bbox 1141 1245 1263 1326; x_wconf 79' lang='grc' dir='ltr'><strong><em>ἀτιμίαν</em></strong></span> <span class='ocrx_word' id='word_1_61' title='bbox 1292 1262 1389 1328; x_wconf 88' lang='lat' dir='ltr'>quam</span> 
     </span>
     <span class='ocr_line' id='line_1_9' title="bbox 215 1346 1389 1434; baseline 0.001 -22"><span class='ocrx_word' id='word_1_62' title='bbox 215 1346 333 1415; x_wconf 85' lang='lat' dir='ltr'>dicunt</span> <span class='ocrx_word' id='word_1_63' title='bbox 369 1350 462 1414; x_wconf 83' lang='grc' dir='ltr'><strong><em>κατὰ</em></strong></span> <span class='ocrx_word' id='word_1_64' title='bbox 494 1351 701 1433; x_wconf 83' lang='grc' dir='ltr'><strong><em>πρόσταξιν</em></strong></span> <span class='ocrx_word' id='word_1_65' title='bbox 735 1347 867 1431; x_wconf 56' lang='lat' dir='ltr'>inirem)</span> <span class='ocrx_word' id='word_1_66' title='bbox 903 1348 1099 1415; x_wconf 70' lang='lat' dir='ltr'>videbimus</span> <span class='ocrx_word' id='word_1_67' title='bbox 1144 1349 1260 1434; x_wconf 90' lang='lat' dir='ltr'>Neque</span> <span class='ocrx_word' id='word_1_68' title='bbox 1283 1346 1389 1414; x_wconf 87' lang='lat' dir='ltr'>ullum</span> 
     </span>
     <span class='ocr_line' id='line_1_10' title="bbox 217 1454 1389 1542; baseline 0.001 -22"><span class='ocrx_word' id='word_1_69' title='bbox 217 1454 299 1522; x_wconf 88' lang='lat' dir='ltr'>novi</span> <span class='ocrx_word' id='word_1_70' title='bbox 320 1454 448 1538; x_wconf 81' lang='lat' dir='ltr'>Legum</span> <span class='ocrx_word' id='word_1_71' title='bbox 470 1454 589 1539; x_wconf 83' lang='lat' dir='ltr'>locum,</span> <span class='ocrx_word' id='word_1_72' title='bbox 613 1476 678 1542; x_wconf 92' lang='lat' dir='ltr'>quo</span> <span class='ocrx_word' id='word_1_73' title='bbox 702 1456 935 1542; x_wconf 81' lang='lat' dir='ltr'>praecipiatur,</span> <span class='ocrx_word' id='word_1_74' title='bbox 959 1458 1006 1538; x_wconf 90' lang='lat' dir='ltr'>ut,</span> <span class='ocrx_word' id='word_1_75' title='bbox 1030 1456 1088 1541; x_wconf 91' lang='lat' dir='ltr'>qui</span> <span class='ocrx_word' id='word_1_76' title='bbox 1110 1454 1198 1521; x_wconf 82' lang='lat' dir='ltr'>hane</span> <span class='ocrx_word' id='word_1_77' title='bbox 1221 1455 1275 1521; x_wconf 95' lang='lat' dir='ltr'>vel</span> <span class='ocrx_word' id='word_1_78' title='bbox 1297 1454 1389 1521; x_wconf 92' lang='lat' dir='ltr'>illam</span> 
     </span>
     <span class='ocr_line' id='line_1_11' title="bbox 214 1561 973 1649; baseline 0.003 -22"><span class='ocrx_word' id='word_1_79' title='bbox 214 1561 321 1645; x_wconf 87' lang='lat' dir='ltr'>legem</span> <span class='ocrx_word' id='word_1_80' title='bbox 345 1563 589 1649; x_wconf 85' lang='lat' dir='ltr'>contempserit,</span> <span class='ocrx_word' id='word_1_81' title='bbox 612 1565 722 1646; x_wconf 88' lang='grc' dir='ltr'><strong><em>ἀτιμος</em></strong></span> <span class='ocrx_word' id='word_1_82' title='bbox 744 1564 899 1637; x_wconf 70' lang='grc' dir='ltr'><strong><em>καθάπαξ</em></strong></span> <span class='ocrx_word' id='word_1_83' title='bbox 922 1562 973 1629; x_wconf 85' lang='lat' dir='ltr'>sit</span> 
     </span>
    </p>
   </div>
   <div class='ocr_carea' id='block_1_4' title="bbox 213 1685 1388 2216">
    <p class='ocr_par' dir='ltr' id='par_1_4' title="bbox 213 1685 1388 2216">
     <span class='ocr_line' id='line_1_12' title="bbox 304 1685 1388 1773; baseline 0.001 -21"><span class='ocrx_word' id='word_1_84' title='bbox 304 1686 446 1753; x_wconf 80' lang='lat' dir='ltr'>Etiamsi</span> <span class='ocrx_word' id='word_1_85' title='bbox 479 1690 594 1752; x_wconf 91' lang='lat' dir='ltr'>autem</span> <span class='ocrx_word' id='word_1_86' title='bbox 624 1686 759 1773; x_wconf 88' lang='lat' dir='ltr'>plenam</span> <span class='ocrx_word' id='word_1_87' title='bbox 793 1689 916 1771; x_wconf 81' lang='grc' dir='ltr'><strong><em>ἀτιμίαν</em></strong></span> <span class='ocrx_word' id='word_1_88' title='bbox 951 1689 1100 1752; x_wconf 83' lang='lat' dir='ltr'>removet</span> <span class='ocrx_word' id='word_1_89' title='bbox 1129 1685 1237 1770; x_wconf 88' lang='lat' dir='ltr'>Plato,</span> <span class='ocrx_word' id='word_1_90' title='bbox 1273 1688 1388 1753; x_wconf 90' lang='lat' dir='ltr'>tamen</span> 
     </span>
     <span class='ocr_line' id='line_1_13' title="bbox 213 1793 1188 1878; baseline 0.001 -21"><span class='ocrx_word' id='word_1_91' title='bbox 213 1795 340 1877; x_wconf 77' lang='grc' dir='ltr'><strong><em>ἀτιμίαν</em></strong></span> <span class='ocrx_word' id='word_1_92' title='bbox 362 1795 441 1859; x_wconf 85' lang='grc' dir='ltr'><strong><em>κατὰ</em></strong></span> <span class='ocrx_word' id='word_1_93' title='bbox 464 1795 678 1878; x_wconf 52' lang='lat' dir='ltr'>stomaro)</span> <span class='ocrx_word' id='word_1_94' title='bbox 703 1814 780 1860; x_wconf 93' lang='lat' dir='ltr'>eum</span> <span class='ocrx_word' id='word_1_95' title='bbox 803 1793 981 1860; x_wconf 85' lang='lat' dir='ltr'>admittere</span> <span class='ocrx_word' id='word_1_96' title='bbox 1005 1813 1121 1859; x_wconf 81' lang='lat' dir='ltr'>cernas</span> <span class='ocrx_word' id='word_1_97' title='bbox 1146 1813 1188 1859; x_wconf 85' lang='lat' dir='ltr'>ex</span> 
     </span>
     <span class='ocr_line' id='line_1_14' title="bbox 535 1917 1075 2003; baseline -0.004 -19"><span class='ocrx_word' id='word_1_98' title='bbox 535 1918 590 2002; x_wconf 87' lang='lat' dir='ltr'>IV,</span> <span class='ocrx_word' id='word_1_99' title='bbox 605 1917 704 1984; x_wconf 80' lang='lat'>7213</span> <span class='ocrx_word' id='word_1_100' title='bbox 729 1921 783 2003; x_wconf 73' lang='grc' dir='ltr'>(τῇ</span> <span class='ocrx_word' id='word_1_101' title='bbox 805 1920 927 2003; x_wconf 80' lang='grc' dir='ltr'><strong><em>καὶτῇ</em></strong></span> <span class='ocrx_word' id='word_1_102' title='bbox 950 1920 1075 2001; x_wconf 73' lang='grc' dir='ltr'><strong><em>ἀτιμίᾳ),</em></strong></span> 
     </span>
     <span class='ocr_line' id='line_1_15' title="bbox 537 2024 1119 2109; baseline 0 -19"><span class='ocrx_word' id='word_1_103' title='bbox 537 2024 590 2107; x_wconf 85' lang='lat' dir='ltr'>VI,</span> <span class='ocrx_word' id='word_1_104' title='bbox 603 2026 704 2091; x_wconf 79' lang='lat'><strong>7841)</strong></span> <span class='ocrx_word' id='word_1_105' title='bbox 730 2028 851 2109; x_wconf 73' lang='grc' dir='ltr'><strong><em>(ἄτιμος</em></strong></span> <span class='ocrx_word' id='word_1_106' title='bbox 874 2029 954 2091; x_wconf 79' lang='grc' dir='ltr'><strong><em>ἔστω</em></strong></span> <span class='ocrx_word' id='word_1_107' title='bbox 970 2027 1119 2108; x_wconf 76' lang='grc' dir='ltr'><strong><em>τῶνδε),</em></strong></span> 
     </span>
     <span class='ocr_line' id='line_1_16' title="bbox 550 2131 1053 2216; baseline 0.002 -21"><span class='ocrx_word' id='word_1_108' title='bbox 550 2131 590 2215; x_wconf 78' lang='lat' dir='ltr'>X,</span> <span class='ocrx_word' id='word_1_109' title='bbox 605 2131 703 2198; x_wconf 80' lang='lat'>8900</span> <span class='ocrx_word' id='word_1_110' title='bbox 731 2134 794 2214; x_wconf 84' lang='grc' dir='ltr'><strong><em>(τὸν</em></strong></span> <span class='ocrx_word' id='word_1_111' title='bbox 818 2134 853 2197; x_wconf 78' lang='grc' dir='ltr'>δὲ</span> <span class='ocrx_word' id='word_1_112' title='bbox 876 2135 1053 2216; x_wconf 82' lang='grc' dir='ltr'><strong><em>ἀτιμίαις).</em></strong></span> 
     </span>
    </p>
   </div>
   <div class='ocr_carea' id='block_1_5' title="bbox 213 2273 1388 3321">
    <p class='ocr_par' dir='ltr' id='par_1_5' title="bbox 213 2273 1388 2679">
     <span class='ocr_line' id='line_1_17' title="bbox 304 2273 1388 2356; baseline 0 -18"><span class='ocrx_word' id='word_1_113' title='bbox 304 2273 659 2340; x_wconf 88' lang='lat' dir='ltr'>Publioationem</span> <span class='ocrx_word' id='word_1_114' title='bbox 704 2273 913 2340; x_wconf 90' lang='lat' dir='ltr'>bonorum</span> <span class='ocrx_word' id='word_1_115' title='bbox 958 2274 994 2339; x_wconf 93' lang='lat' dir='ltr'>in</span> <span class='ocrx_word' id='word_1_116' title='bbox 1032 2275 1122 2340; x_wconf 82' lang='lat' dir='ltr'>oives</span> <span class='ocrx_word' id='word_1_117' title='bbox 1168 2294 1236 2339; x_wconf 94' lang='lat' dir='ltr'>non</span> <span class='ocrx_word' id='word_1_118' title='bbox 1282 2273 1388 2356; x_wconf 88' lang='lat' dir='ltr'>magis</span> 
     </span>
     <span class='ocr_line' id='line_1_18' title="bbox 217 2379 1388 2467; baseline -0.001 -21"><span class='ocrx_word' id='word_1_119' title='bbox 217 2379 368 2446; x_wconf 88' lang='lat' dir='ltr'>adhiberi</span> <span class='ocrx_word' id='word_1_120' title='bbox 389 2380 464 2446; x_wconf 84' lang='lat' dir='ltr'>vult</span> <span class='ocrx_word' id='word_1_121' title='bbox 479 2402 580 2467; x_wconf 88' lang='lat' dir='ltr'>quam</span> <span class='ocrx_word' id='word_1_122' title='bbox 603 2379 737 2467; x_wconf 91' lang='lat' dir='ltr'>plenam</span> <span class='ocrx_word' id='word_1_123' title='bbox 760 2381 879 2467; x_wconf 89' lang='lat' dir='ltr'>eapitis</span> <span class='ocrx_word' id='word_1_124' title='bbox 904 2379 1166 2446; x_wconf 90' lang='lat' dir='ltr'>deminutionem</span> <span class='ocrx_word' id='word_1_125' title='bbox 1182 2379 1246 2463; x_wconf 81' lang='lat' dir='ltr'><strong>(IX,</strong></span> <span class='ocrx_word' id='word_1_126' title='bbox 1258 2380 1323 2445; x_wconf 82' lang='lat'>855</span> <span class='ocrx_word' id='word_1_127' title='bbox 1332 2380 1388 2464; x_wconf 78' lang='lat' dir='ltr'>A);</span> 
     </span>
     <span class='ocr_line' id='line_1_19' title="bbox 213 2482 1386 2575; baseline 0.001 -23"><span class='ocrx_word' id='word_1_128' title='bbox 213 2482 409 2553; x_wconf 86' lang='lat' dir='ltr'>libertorum</span> <span class='ocrx_word' id='word_1_129' title='bbox 431 2490 546 2554; x_wconf 87' lang='lat' dir='ltr'>tamen</span> <span class='ocrx_word' id='word_1_130' title='bbox 570 2509 610 2554; x_wconf 88' lang='lat' dir='ltr'>ao</span> <span class='ocrx_word' id='word_1_131' title='bbox 639 2490 886 2575; x_wconf 89' lang='lat' dir='ltr'>peregrinorum</span> <span class='ocrx_word' id='word_1_132' title='bbox 916 2488 1006 2554; x_wconf 93' lang='lat' dir='ltr'>bona</span> <span class='ocrx_word' id='word_1_133' title='bbox 1028 2491 1067 2554; x_wconf 94' lang='lat' dir='ltr'>ut</span> <span class='ocrx_word' id='word_1_134' title='bbox 1094 2486 1255 2574; x_wconf 82' lang='lat' dir='ltr'>publicari</span> <span class='ocrx_word' id='word_1_135' title='bbox 1277 2485 1386 2568; x_wconf 82' lang='lat' dir='ltr'>liceat,</span> 
     </span>
     <span class='ocr_line' id='line_1_20' title="bbox 213 2594 519 2679; baseline 0.01 -20"><span class='ocrx_word' id='word_1_136' title='bbox 213 2594 326 2661; x_wconf 82' lang='lat' dir='ltr'>sancit</span> <span class='ocrx_word' id='word_1_137' title='bbox 347 2594 402 2679; x_wconf 88' lang='lat' dir='ltr'>XI,</span> <span class='ocrx_word' id='word_1_138' title='bbox 413 2596 477 2661; x_wconf 81' lang='lat'>915</span> <span class='ocrx_word' id='word_1_139' title='bbox 487 2594 519 2662; x_wconf 81' lang='lat' dir='ltr'>G.</span> 
     </span>
    </p>

    <p class='ocr_par' dir='ltr' id='par_1_6' title="bbox 214 2700 1388 3108">
     <span class='ocr_line' id='line_1_21' title="bbox 305 2700 1387 2787; baseline -0.003 -19"><span class='ocrx_word' id='word_1_140' title='bbox 305 2701 510 2768; x_wconf 82' lang='lat' dir='ltr'>(lareeres</span> <span class='ocrx_word' id='word_1_141' title='bbox 534 2701 707 2785; x_wconf 60' lang='lat' dir='ltr'>(Xooelq</span> <span class='ocrx_word' id='word_1_142' title='bbox 733 2704 859 2770; x_wconf 83' lang='lat' dir='ltr'>exstrui</span> <span class='ocrx_word' id='word_1_143' title='bbox 881 2702 977 2768; x_wconf 90' lang='lat' dir='ltr'>iubet</span> <span class='ocrx_word' id='word_1_144' title='bbox 996 2705 1074 2785; x_wconf 79' lang='lat' dir='ltr'>treS,</span> <span class='ocrx_word' id='word_1_145' title='bbox 1099 2700 1277 2787; x_wconf 87' lang='lat' dir='ltr'>exquibus</span> <span class='ocrx_word' id='word_1_146' title='bbox 1300 2720 1387 2765; x_wconf 90' lang='lat' dir='ltr'>unus</span> 
     </span>
     <span class='ocr_line' id='line_1_22' title="bbox 215 2807 1388 2896; baseline 0 -23"><span class='ocrx_word' id='word_1_147' title='bbox 215 2809 313 2895; x_wconf 89' lang='lat' dir='ltr'>isque</span> <span class='ocrx_word' id='word_1_148' title='bbox 344 2809 543 2896; x_wconf 85' lang='lat' dir='ltr'>praecipuus</span> <span class='ocrx_word' id='word_1_149' title='bbox 566 2811 649 2893; x_wconf 72' lang='grc' dir='ltr'><strong><em>’περὶ</em></strong></span> <span class='ocrx_word' id='word_1_150' title='bbox 680 2810 812 2893; x_wconf 79' lang='grc' dir='ltr'><strong><em>ἀγοράν’</em></strong></span> <span class='ocrx_word' id='word_1_151' title='bbox 838 2809 923 2874; x_wconf 89' lang='lat' dir='ltr'>situs</span> <span class='ocrx_word' id='word_1_152' title='bbox 959 2810 1015 2895; x_wconf 89' lang='lat' dir='ltr'>sit;</span> <span class='ocrx_word' id='word_1_153' title='bbox 1049 2829 1118 2875; x_wconf 91' lang='lat' dir='ltr'>non</span> <span class='ocrx_word' id='word_1_154' title='bbox 1152 2810 1224 2873; x_wconf 90' lang='lat' dir='ltr'>sine</span> <span class='ocrx_word' id='word_1_155' title='bbox 1258 2807 1388 2873; x_wconf 88' lang='lat' dir='ltr'>ratione</span> 
     </span>
     <span class='ocr_line' id='line_1_23' title="bbox 215 2914 1386 3003; baseline -0.002 -24"><span class='ocrx_word' id='word_1_156' title='bbox 215 2916 407 3003; x_wconf 82' lang='lat' dir='ltr'>suspicatur</span> <span class='ocrx_word' id='word_1_157' title='bbox 428 2914 696 2999; x_wconf 69' lang='lat' dir='ltr'>Waohsmuthlll</span> <span class='ocrx_word' id='word_1_158' title='bbox 724 2914 869 2981; x_wconf 84' lang='lat' dir='ltr'>Athenis</span> <span class='ocrx_word' id='word_1_159' title='bbox 899 2915 980 2981; x_wconf 92' lang='lat' dir='ltr'>item</span> <span class='ocrx_word' id='word_1_160' title='bbox 1011 2916 1046 2980; x_wconf 87' lang='grc' dir='ltr'>τὸ</span> <span class='ocrx_word' id='word_1_161' title='bbox 1078 2917 1296 2999; x_wconf 79' lang='grc' dir='ltr'><strong><em>δεσμωτήριον</em></strong></span> <span class='ocrx_word' id='word_1_162' title='bbox 1318 2917 1386 2978; x_wconf 84' lang='grc' dir='ltr'><strong><em>κατ’</em></strong></span> 
     </span>
     <span class='ocr_line' id='line_1_24' title="bbox 214 3020 707 3108; baseline 0.006 -23"><span class='ocrx_word' id='word_1_163' title='bbox 214 3024 331 3108; x_wconf 75' lang='grc' dir='ltr'><strong><em>ἐξοχὴν</em></strong></span> <span class='ocrx_word' id='word_1_164' title='bbox 355 3025 440 3089; x_wconf 86' lang='lat' dir='ltr'>oiroa</span> <span class='ocrx_word' id='word_1_165' title='bbox 462 3021 571 3088; x_wconf 83' lang='lat' dir='ltr'>forum</span> <span class='ocrx_word' id='word_1_166' title='bbox 594 3020 707 3088; x_wconf 83' lang='lat' dir='ltr'>fuisse.</span> 
     </span>
    </p>

    <p class='ocr_par' dir='ltr' id='par_1_7' title="bbox 214 3126 1386 3321">
     <span class='ocr_line' id='line_1_25' title="bbox 304 3126 1386 3217; baseline -0.002 -23"><span class='ocrx_word' id='word_1_167' title='bbox 304 3129 420 3217; x_wconf 91' lang='lat' dir='ltr'>Neque</span> <span class='ocrx_word' id='word_1_168' title='bbox 435 3134 550 3196; x_wconf 87' lang='lat' dir='ltr'>tamen</span> <span class='ocrx_word' id='word_1_169' title='bbox 563 3128 703 3194; x_wconf 87' lang='lat' dir='ltr'>Athenis</span> <span class='ocrx_word' id='word_1_170' title='bbox 715 3128 925 3194; x_wconf 81' lang='lat' dir='ltr'>vinculorum</span> <span class='ocrx_word' id='word_1_171' title='bbox 935 3149 1045 3215; x_wconf 91' lang='lat' dir='ltr'>poena</span> <span class='ocrx_word' id='word_1_172' title='bbox 1056 3131 1128 3194; x_wconf 91' lang='lat' dir='ltr'>tam</span> <span class='ocrx_word' id='word_1_173' title='bbox 1143 3126 1212 3193; x_wconf 90' lang='lat' dir='ltr'>late</span> <span class='ocrx_word' id='word_1_174' title='bbox 1234 3126 1386 3213; x_wconf 87' lang='lat' dir='ltr'>patebat,</span> 
     </span>
     <span class='ocr_line' id='line_1_26' title="bbox 214 3236 960 3321; baseline 0.003 -22"><span class='ocrx_word' id='word_1_175' title='bbox 214 3255 318 3319; x_wconf 88' lang='lat' dir='ltr'>quarn</span> <span class='ocrx_word' id='word_1_176' title='bbox 342 3257 384 3301; x_wconf 83' lang='lat' dir='ltr'>ex</span> <span class='ocrx_word' id='word_1_177' title='bbox 406 3237 557 3303; x_wconf 90' lang='lat' dir='ltr'>Platonis</span> <span class='ocrx_word' id='word_1_178' title='bbox 579 3236 793 3302; x_wconf 89' lang='lat' dir='ltr'>institutione</span> <span class='ocrx_word' id='word_1_179' title='bbox 816 3236 960 3321; x_wconf 73' lang='lat' dir='ltr'>patet.⁰⁴)</span> 
     </span>
    </p>
   </div>
   <div class='ocr_carea' id='block_1_6' title="bbox 215 3358 1387 3769">
    <p class='ocr_par' dir='ltr' id='par_1_8' title="bbox 215 3358 1387 3769">
     <span class='ocr_line' id='line_1_27' title="bbox 305 3358 1386 3454; baseline -0.002 -29"><span class='ocrx_word' id='word_1_180' title='bbox 305 3359 375 3426; x_wconf 86' lang='lat' dir='ltr'>lam</span> <span class='ocrx_word' id='word_1_181' title='bbox 391 3381 469 3428; x_wconf 90' lang='lat' dir='ltr'>vero</span> <span class='ocrx_word' id='word_1_182' title='bbox 493 3363 521 3428; x_wconf 92' lang='lat' dir='ltr'>si</span> <span class='ocrx_word' id='word_1_183' title='bbox 537 3360 611 3448; x_wconf 92' lang='lat' dir='ltr'>quis</span> <span class='ocrx_word' id='word_1_184' title='bbox 627 3363 720 3427; x_wconf 82' lang='lat' dir='ltr'>actor</span> <span class='ocrx_word' id='word_1_185' title='bbox 742 3360 826 3426; x_wconf 88' lang='lat' dir='ltr'>adeo</span> <span class='ocrx_word' id='word_1_186' title='bbox 847 3381 951 3426; x_wconf 85' lang='lat' dir='ltr'>causa</span> <span class='ocrx_word' id='word_1_187' title='bbox 973 3358 1146 3443; x_wconf 81' lang='lat' dir='ltr'>reciderat,</span> <span class='ocrx_word' id='word_1_188' title='bbox 1171 3361 1210 3454; x_wconf 87' lang='lat' dir='ltr'>ut</span> <span class='ocrx_word' id='word_1_189' title='bbox 1231 3378 1275 3424; x_wconf 88' lang='lat' dir='ltr'>ne</span> <span class='ocrx_word' id='word_1_190' title='bbox 1291 3358 1386 3444; x_wconf 91' lang='lat' dir='ltr'>quin-</span> 
     </span>
     <span class='ocr_line' id='line_1_28' title="bbox 215 3464 1386 3554; baseline -0.001 -22"><span class='ocrx_word' id='word_1_191' title='bbox 215 3468 287 3533; x_wconf 89' lang='lat' dir='ltr'>tam</span> <span class='ocrx_word' id='word_1_192' title='bbox 311 3466 444 3553; x_wconf 90' lang='lat' dir='ltr'>quidem</span> <span class='ocrx_word' id='word_1_193' title='bbox 459 3467 692 3551; x_wconf 83' lang='lat' dir='ltr'>suffragiorum</span> <span class='ocrx_word' id='word_1_194' title='bbox 710 3471 840 3554; x_wconf 88' lang='lat' dir='ltr'>partem</span> <span class='ocrx_word' id='word_1_195' title='bbox 856 3468 1123 3553; x_wconf 83' lang='lat' dir='ltr'>consequeretur,</span> <span class='ocrx_word' id='word_1_196' title='bbox 1146 3464 1232 3531; x_wconf 88' lang='lat' dir='ltr'>aliae</span> <span class='ocrx_word' id='word_1_197' title='bbox 1247 3485 1386 3552; x_wconf 83' lang='lat' dir='ltr'>poenae,</span> 
     </span>
     <span class='ocr_line' id='line_1_29' title="bbox 216 3572 1387 3661; baseline -0.002 -22"><span class='ocrx_word' id='word_1_198' title='bbox 216 3573 246 3638; x_wconf 90' lang='lat' dir='ltr'>si</span> <span class='ocrx_word' id='word_1_199' title='bbox 268 3575 410 3661; x_wconf 80' lang='lat' dir='ltr'>privata,</span> <span class='ocrx_word' id='word_1_200' title='bbox 435 3573 531 3656; x_wconf 87' lang='lat' dir='ltr'>aliae,</span> <span class='ocrx_word' id='word_1_201' title='bbox 560 3575 590 3640; x_wconf 92' lang='lat' dir='ltr'>si</span> <span class='ocrx_word' id='word_1_202' title='bbox 611 3574 745 3661; x_wconf 85' lang='lat' dir='ltr'>publiea</span> <span class='ocrx_word' id='word_1_203' title='bbox 768 3577 840 3640; x_wconf 90' lang='lat' dir='ltr'>erat</span> <span class='ocrx_word' id='word_1_204' title='bbox 864 3593 976 3659; x_wconf 82' lang='lat' dir='ltr'>causa,</span> <span class='ocrx_word' id='word_1_205' title='bbox 1009 3574 1040 3638; x_wconf 92' lang='lat' dir='ltr'>ei</span> <span class='ocrx_word' id='word_1_206' title='bbox 1063 3572 1258 3638; x_wconf 88' lang='lat' dir='ltr'>subeundae</span> <span class='ocrx_word' id='word_1_207' title='bbox 1282 3576 1387 3639; x_wconf 89' lang='lat' dir='ltr'>erant.</span> 
     </span>
     <span class='ocr_line' id='line_1_30' title="bbox 215 3679 1387 3769; baseline 0.001 -25"><span class='ocrx_word' id='word_1_208' title='bbox 215 3679 254 3745; x_wconf 94' lang='lat' dir='ltr'>In</span> <span class='ocrx_word' id='word_1_209' title='bbox 277 3681 388 3746; x_wconf 83' lang='lat' dir='ltr'>causis</span> <span class='ocrx_word' id='word_1_210' title='bbox 412 3682 500 3747; x_wconf 90' lang='lat' dir='ltr'>enim</span> <span class='ocrx_word' id='word_1_211' title='bbox 524 3682 663 3767; x_wconf 86' lang='lat' dir='ltr'>privatis</span> <span class='ocrx_word' id='word_1_212' title='bbox 686 3681 783 3767; x_wconf 89' lang='lat' dir='ltr'>longe</span> <span class='ocrx_word' id='word_1_213' title='bbox 806 3680 955 3769; x_wconf 89' lang='lat' dir='ltr'>plurimis</span> <span class='ocrx_word' id='word_1_214' title='bbox 978 3681 1224 3765; x_wconf 80' lang='grc' dir='ltr'><strong><em>ἐπωβελίαν,</em></strong></span> <span class='ocrx_word' id='word_1_215' title='bbox 1255 3682 1387 3746; x_wconf 85' lang='lat' dir='ltr'>sextam</span> 
     </span>
    </p>
   </div>
   <div class='ocr_carea' id='block_1_7' title="bbox 304 3964 1387 4392">
    <p class='ocr_par' dir='ltr' id='par_1_9' title="bbox 305 3964 960 4035">
     <span class='ocr_line' id='line_1_31' title="bbox 305 3964 960 4035; baseline 0.002 -15"><span class='ocrx_word' id='word_1_216' title='bbox 305 3965 335 4035; x_wconf 77' lang='lat'>⁶⁰)</span> <span class='ocrx_word' id='word_1_217' title='bbox 355 3966 447 4021; x_wconf 86' lang='lat' dir='ltr'>Herm.</span> <span class='ocrx_word' id='word_1_218' title='bbox 461 3965 560 4020; x_wconf 81' lang='lat' dir='ltr'>Thalh.</span> <span class='ocrx_word' id='word_1_219' title='bbox 573 3966 606 4021; x_wconf 84' lang='lat' dir='ltr'>R.</span> <span class='ocrx_word' id='word_1_220' title='bbox 619 3967 652 4022; x_wconf 88' lang='lat' dir='ltr'>A.</span> <span class='ocrx_word' id='word_1_221' title='bbox 665 3965 713 4033; x_wconf 77' lang='lat'>203</span> <span class='ocrx_word' id='word_1_222' title='bbox 733 3966 791 4021; x_wconf 85' lang='lat' dir='ltr'>Att.</span> <span class='ocrx_word' id='word_1_223' title='bbox 805 3966 885 4021; x_wconf 88' lang='lat' dir='ltr'>Proo.</span> <span class='ocrx_word' id='word_1_224' title='bbox 898 3964 960 4022; x_wconf 75' lang='lat'>954.</span> 
     </span>
    </p>

    <p class='ocr_par' dir='ltr' id='par_1_10' title="bbox 305 4053 539 4127">
     <span class='ocr_line' id='line_1_32' title="bbox 305 4053 539 4127; baseline 0.013 -18"><span class='ocrx_word' id='word_1_225' title='bbox 305 4053 539 4127; x_wconf 51' lang='lat' dir='ltr'>Qmpwm</span> 
     </span>
    </p>

    <p class='ocr_par' dir='ltr' id='par_1_11' title="bbox 305 4143 586 4212">
     <span class='ocr_line' id='line_1_33' title="bbox 305 4143 586 4212; baseline 0.011 -15"><span class='ocrx_word' id='word_1_226' title='bbox 305 4143 336 4212; x_wconf 75' lang='lat'>⁶⁹)</span> <span class='ocrx_word' id='word_1_227' title='bbox 355 4144 415 4200; x_wconf 74' lang='lat' dir='ltr'>Ate.</span> <span class='ocrx_word' id='word_1_228' title='bbox 432 4145 512 4200; x_wconf 85' lang='lat' dir='ltr'>Proo.</span> <span class='ocrx_word' id='word_1_229' title='bbox 525 4143 586 4200; x_wconf 80' lang='lat'>824.</span> 
     </span>
    </p>

    <p class='ocr_par' dir='ltr' id='par_1_12' title="bbox 304 4229 1387 4392">
     <span class='ocr_line' id='line_1_34' title="bbox 305 4229 1387 4303; baseline -0.003 -15"><span class='ocrx_word' id='word_1_230' title='bbox 305 4232 336 4303; x_wconf 72' lang='lat'>⁸³)</span> <span class='ocrx_word' id='word_1_231' title='bbox 357 4232 1000 4303; x_wconf 81' lang='lat' dir='ltr'>StaththenII¹,383se.;of.praetereaHerm</span> <span class='ocrx_word' id='word_1_232' title='bbox 1009 4229 1387 4295; x_wconf 69' lang='lat' dir='ltr'>rhumssuatsaltmeoe.</span> 
     </span>
     <span class='ocr_line' id='line_1_35' title="bbox 304 4320 703 4392; baseline 0.003 -16"><span class='ocrx_word' id='word_1_233' title='bbox 304 4321 335 4392; x_wconf 70' lang='lat'>⁶⁴)</span> <span class='ocrx_word' id='word_1_234' title='bbox 354 4322 446 4379; x_wconf 87' lang='lat' dir='ltr'>Herm</span> <span class='ocrx_word' id='word_1_235' title='bbox 465 4323 499 4377; x_wconf 93' lang='lat' dir='ltr'>de</span> <span class='ocrx_word' id='word_1_236' title='bbox 516 4321 643 4391; x_wconf 84' lang='lat' dir='ltr'>vestigiis</span> <span class='ocrx_word' id='word_1_237' title='bbox 660 4320 703 4377; x_wconf 81' lang='lat'>62.</span> 
     </span>
    </p>
   </div>
   <div class='ocr_carea' id='block_1_8' title="bbox 0 0 1650 5017">
    <p class='ocr_par' dir='ltr' id='par_1_13' title="bbox 0 0 1650 5017">
     <span class='ocr_line' id='line_1_36' title="bbox 0 0 1650 5017; baseline 0 0"><span class='ocrx_word' id='word_1_238' title='bbox 0 0 1650 5017; x_wconf 95' lang='lat' dir='ltr'> </span> 
     </span>
    </p>
   </div>
  </div>
 </body>
</html>
