3292 5017
689 374 912 439 ,15-

302 552 363 618 His
394 551 506 619 verbis
529 549 753 617 Athenienses
783 550 943 636 imprimis
966 550 1069 636 pungi
1091 550 1163 615 veri
1186 553 1238 616 est
1261 548 1388 616 similli-

206 680 316 741 mum,
349 658 439 745 apud
470 679 553 744 quos
583 656 715 743 puellae
740 656 823 723 adeo
847 657 937 723 intra
960 655 1092 723 aedium
1115 656 1260 743 parietes
1283 658 1389 722 teneri

210 765 378 849 solebant,
391 766 441 831 'ut
465 764 579 851 sponsi
602 766 637 830 et
660 784 805 850 sponsae
828 765 864 829 in
886 763 967 850 ipsis
991 762 1125 829 demum
1148 762 1275 849 nuptiis
1297 761 1390 829 haud

214 893 289 939 raro
311 872 401 939 iuter
423 891 460 937 se
484 873 754 955 cognoscerentlt
806 870 1050 951 Quaerentibus
1074 891 1163 952 vero,
1188 869 1390 955 quibusnam

206 977 432 1065 ‘philosophus
465 977 519 1043 ius
554 977 690 1059 virginis
725 976 983 1065 despondendae
1018 977 1190 1059 concedat,
1221 974 1388 1059 Virmn

207 1088 295 1152 ante
327 1084 440 1158 oeulos
470 1088 684 1171 proponatur,
715 1105 781 1170 quo
811 1083 884 1150 loco
916 1085 1032 1169 ἐγγύην
1062 1087 1171 1150 ratam
1198 1103 1273 1149 esse
1295 1082 1390 1148 iubet

214 1190 314 1275 illam,
338 1212 440 1277 quam
463 1196 702 1277 exsequantur:

431 1317 458 1380 1.
481 1318 595 1400 πατήρ,

429 1424 458 1489 2.
481 1426 622 1498 πάππος,

428 1530 458 1596 3.
483 1531 616 1615 ἀδελφοὶ
639 1531 836 1613 ὁμοπάτριοι,

429 1638 458 1702 4.
481 1639 595 1720 μήτιο

429 1742 458 1809 5.
483 1746 514 1808 oi
537 1745 687 1828 ἐγγύτατά
711 1745 825 1826 γένους
924 1743 1003 1826 μετὰ
1026 1748 1091 1807 τῶν
1113 1744 1301 1824 ἐπιτρόπων.

305 1868 379 1949 Qua
410 1868 444 1933 in
476 1867 560 1933 serie
583 1888 647 1934 sua
670 1868 789 1953 sponte
812 1866 1017 1949 intellegitur
1040 1866 1083 1932 ad
1106 1869 1276 1949 cognatos
1307 1886 1390 1951 quos

215 1973 380 2060 posterius
411 1973 520 2055 attuli,
553 1995 676 2039 munus
705 1972 786 2039 illud
809 1994 879 2039 non
903 1973 1020 2039 deferri
1042 1973 1108 2038 nisi
1131 1974 1274 2056 cognati,
1306 1993 1391 2058 quos

206 2080 306 2167 [prius
330 2081 441 2165 oitavi,
465 2081 587 2147 mortui
611 2084 699 2146 sunt.

305 2186 392 2254 Huio
406 2186 558 2253 Platonis
580 2190 757 2274 praecepto
781 2187 859 2254 lieet
875 2207 1066 2273 comparare
1089 2186 1197 2270 legem
1220 2185 1391 2272 quandam

215 2294 406 2376 Attieamfi)
1480 2281 1482 2284 ’

191 2420 197 2428 “
306 2403 361 2484 ’ἣν
378 2404 418 2465 ἂν
432 2403 570 2486 ἐγγυήσῃ
588 2403 639 2465 ἐπὶ
655 2403 787 2473 δικαίοις
803 2403 950 2485 δάμαρτα
966 2401 1044 2465 εἶναι
1059 2404 1079 2484 ἢ
1095 2402 1200 2485 πατὴρ
1215 2404 1236 2484 ἢ
1253 2401 1393 2485 ἀδελφὸς

207 2509 393 2591 ’ὁμοπάτωρ
405 2512 425 2592 ἢ
437 2510 569 2581 πάππος
581 2510 600 2573 ὁ
611 2509 693 2593 πρὸς
704 2510 834 2591 πατρός,
843 2511 879 2573 ἐκ
886 2509 1001 2591 ταύτης
1012 2507 1091 2572 εῖναι
1101 2509 1217 2580 παῖδας
1229 2510 1391 2593 γνησίους·

111 2648 114 2652 ’
211 2615 273 2679 ἐὰν
303 2615 338 2679 δὲ
367 2615 480 2700 μηδεὶς
502 2614 524 2699 ᾖ
545 2617 677 2690 τούτων,
708 2617 763 2680 ἐὰν
792 2617 852 2699 μὲν
882 2616 1051 2699 ἐπίκληρός
1075 2640 1120 2686 τις
1142 2614 1172 2699 ᾖ,
1202 2615 1258 2680 τὸν
1280 2616 1392 2699 κύριον

207 2724 307 2805 ἔχειν,
331 2721 387 2786 ἐὰν
411 2722 446 2786 δὲ
467 2723 513 2805 μὴ
538 2722 569 2805 ᾖ,
593 2724 658 2806 ὅτῳ
681 2726 721 2786 ἂν
744 2724 906 2806 ἐπιτρέψῃ,
929 2729 1041 2787 τοῦτον
1063 2722 1294 2806 scripturulam?

305 2844 469 2911 Videmus
499 2845 599 2928 igitur
628 2844 863 2932 philosophum
891 2868 913 2912 a
935 2845 1064 2931 patriae
1087 2844 1160 2928 lege
1182 2848 1232 2911 ita
1255 2843 1390 2928 digredi,

217 2955 256 3017 ut
285 2951 427 3038 priorem
457 2955 582 3036 πάππῳ
612 2951 646 3016 in
678 2950 917 3036 despondenda
946 2952 1074 3036 virgine
1098 2950 1259 3018 concedat
1281 2950 1391 3017 looum

210 3075 319 3140 ouum
341 3061 473 3143 ἀδελφῷ
496 3061 683 3143 ὁμοπάτορι,
707 3062 747 3124 ut
769 3057 899 3124 nullum
923 3059 1055 3125 statuat
1070 3058 1255 3139 discrimen,
1279 3045 1404 3143 pater-¹

219 3182 326 3228 nusne
350 3164 394 3229 sit
415 3168 547 3238 πάππος
570 3186 615 3231 an
634 3169 818 3249 maternus,
843 3167 882 3231 ut
897 3168 1013 3251 ἐγγύην
1028 3187 1087 3253 per
1102 3170 1244 3231 matrem
1260 3186 1390 3251 quoque

210 3270 254 3334 »et
278 3271 404 3335 eeteros
427 3272 628 3359 propinquos
650 3271 835 3358 perfectam
858 3275 967 3338 ratam
991 3294 1065 3339 esse
1087 3271 1204 3355 veliffl)

306 3356 377 3422 Iam
407 3379 486 3426 vero
518 3361 630 3427 dotem
661 3359 733 3427 dari
756 3364 818 3427 aut
840 3361 944 3449 accipi
967 3365 1065 3428 vetat
1087 3361 1184 3428 Plato
1208 3360 1249 3443 (V
1251 3412 1258 3443 ,
1269 3363 1333 3427 746
1345 3360 1390 3445 O),

209 3462 308 3550 'quod
323 3451 537 3532 interdictum
552 3467 723 3550 V1,774D
740 3468 789 3534 ita
805 3467 1051 3551 circumscribit,
1068 3472 1108 3534 ut
1122 3471 1273 3553 ’ἕτοιμος
1288 3471 1390 3553 χάριν

218 3574 344 3650 certam
374 3592 540 3638 summam
572 3594 615 3640 ex
644 3595 764 3641 census
795 3576 953 3659 gradibus
976 3575 1191 3642 aestimatam
1214 3578 1250 3642 iu
1272 3576 1391 3642 matri-

218 3680 366 3744 monium
389 3699 514 3746 seeum
527 3680 656 3755 adferre
680 3703 823 3768 sponsas
847 3684 944 3748 sinat.
982 3681 1055 3748 Hou
1077 3686 1255 3769 praecepto
1278 3683 1391 3750 nescio

307 3945 326 4013 ¹)
345 3943 513 4012 Beer-Gon,
534 3947 654 4002 Charikl.
674 3947 720 4011 111,
731 3948 784 4002 347
793 3964 834 4019 sq.

306 4031 325 4102 ’γ
345 4032 509 4105 (Demostb.)
528 4034 593 4089 adv.
607 4035 705 4107 Stepb.
719 4037 895 4104 11,1134,16;
915 4036 951 4092 oi.
965 4036 1044 4092 Paul.
1058 4037 1143 4094 Wiss.
1156 4038 1209 4102 Ἠ,
1219 4037 1290 4092 2567
1296 4054 1302 4103 ;
1323 4036 1390 4091 Her·

207 4136 302 4174 mann
322 4122 381 4190 (iur.
394 4123 468 4178 dom.
482 4139 572 4194 comp.
587 4124 620 4178 10
632 4140 659 4180 n.
669 4124 713 4195 26)
727 4130 804 4181 reete
816 4126 891 4181 hano
903 4126 995 4195 legem
1008 4126 1164 4197 expedivit;
1183 4126 1219 4182 ei.
1233 4125 1390 4191 Thalbeim,

206 4208 312 4279 rProgr.
331 4227 358 4264 v.
377 4210 546 4281 Hirsebberg
566 4211 636 4266 1894
653 4229 680 4284 p.
692 4214 718 4268 6.

300 4298 320 4367 ³)
338 4298 432 4353 Herm.
450 4299 501 4355 iun.
522 4300 597 4355 dom.
618 4303 739 4373 compi)
757 4320 784 4358 n.
797 4303 845 4370 25;
865 4307 924 4359 Att.
944 4303 1025 4358 Proe.
1038 4304 1181 4360 ooo-507
1199 4322 1226 4359 n.
1239 4305 1283 4361 75.
