3292 5017
721 957 881 1090 Vita.

302 1312 412 1378 Natus
436 1332 510 1376 sum
533 1310 668 1377 Joseius
692 1309 829 1377 Sohulte
852 1332 881 1375 a.
906 1310 935 1376 d.
958 1309 1028 1376 XV.
1051 1309 1124 1377 Kal.
1148 1310 1218 1376 oo.
1241 1333 1270 1377 a.
1296 1311 1382 1375 1880

212 1420 248 1485 in
272 1420 346 1489 vieo
364 1417 581 1501 Guestfaliae,
607 1420 659 1483 oui
682 1438 804 1483 nomen
829 1419 882 1483 est
904 1415 1054 1500 Meggon,
1078 1419 1173 1503 patre
1196 1416 1381 1502 Francisoo,

213 1528 320 1592 matre
341 1524 498 1591 Therasia
521 1545 539 1589 e
563 1527 662 1606 gente
685 1523 912 1607 Neubaeuser‚
938 1545 1021 1610 quos
1045 1525 1161 1590 ambos
1184 1524 1382 1611 superstites

213 1653 288 1698 esse
311 1632 534 1717 maximopere
557 1631 696 1714 gaudeo,
734 1628 849 1696 Fidem
865 1631 1017 1716 profiteor
1033 1630 1240 1697 oatholioam.
1274 1630 1380 1697 Litte-

213 1759 325 1804 rarum
348 1737 532 1825 primordiis
555 1738 705 1803 imbutus
736 1758 794 1822 per
825 1740 984 1822 quattuor
1007 1757 1114 1803 annos
1137 1738 1264 1819 regium
1287 1758 1381 1824 gym-

213 1847 347 1910 nasium
361 1845 633 1911 Paderbornense
649 1845 870 1930 frequentavi,
891 1842 981 1929 quod
995 1844 1121 1909 Hensio
1137 1845 1232 1910 floret
1246 1847 1380 1910 rectore.

212 1950 418 2017 Maturitatis
447 1950 678 2017 testimonium
709 1972 788 2017 vere
820 1951 1013 2016 anni1900
1043 1949 1187 2037 adeptus
1218 1972 1275 2037 per
1298 1950 1381 2017 duos

213 2079 321 2124 annos
359 2057 546 2142 theologiae
584 2080 637 2124 me
673 2055 791 2139 dedidi‚
830 2059 951 2143 partim
986 2056 1227 2142 Paderbornae,
1251 2058 1380 2143 partim

212 2165 406 2247 Tubingiae.
451 2164 579 2229 Deinde
601 2184 659 2250 per
680 2165 746 2229 tria
769 2165 944 2230 semestria
967 2164 1081 2228 morbo
1105 2164 1291 2249 prohibitus
1306 2185 1381 2229 sum

211 2270 331 2335 litteris
355 2270 496 2345 studere.
542 2269 726 2356 Postquam
748 2269 948 2348 reoonvalui‚
963 2270 1202 2336 Monasterium
1225 2292 1278 2336 me
1302 2292 1380 2337 oon-

212 2375 284 2461 tuli,
316 2375 373 2442 ubi
403 2375 600 2462 philologiae
624 2397 759 2463 operam
788 2379 922 2443 navari.
967 2376 1030 2442 Por
1052 2381 1103 2468 ter
1126 2399 1225 2443 senos
1249 2399 1382 2444 menses

213 2482 473 2564 extraordinarii,
505 2504 564 2570 per
595 2484 646 2549 bis
677 2504 775 2549 senos
807 2505 940 2550 menses
973 2483 1127 2550 ordinarii
1155 2483 1279 2551 sodalis
1301 2486 1381 2567 regii

212 2590 380 2655 seminarii
403 2590 642 2676 philologorum
664 2589 767 2657 Hosio
792 2595 827 2656 et
850 2591 1101 2674 Sonnenburgio
1130 2590 1381 2658 moderantibus

212 2696 326 2762 officia
363 2697 524 2783 praestiti.
585 2695 649 2763 Per
690 2697 836 2784 quinque
875 2700 1048 2765 semestris
1086 2699 1380 2764 exercitationibus

198 2802 383 2869 'Hebraicis
414 2802 515 2869 Fellio
550 2804 745 2869 moderante
780 2804 924 2870 interlui.
978 2803 1139 2870 Omnibus
1173 2806 1252 2898 viris
1281 2826 1379 2890 prae-

211 2909 427 2976 nobilissimis
458 2930 498 2976 ao
529 2908 730 2977 doctissimis
762 2909 802 2976 de
834 2910 1019 2976 studiorum
1050 2932 1198 2978 meorum
1222 2933 1381 2978 successu

212 3015 337 3100 optime
366 3017 493 3082 meritis
523 3017 624 3103 inque
654 3016 767 3103 primis
789 3016 914 3084 Krollio
946 3021 980 3083 et
1004 3016 1132 3084 Stablio
1163 3018 1288 3100 gratias
1316 3039 1379 3102 ago

212 3141 312 3207 quam
337 3124 509 3190 maximas.
628 3123 631 3129 ’
