3292 5017
683 405 907 471 ‚23-

210 585 379 671 Aristopln
406 584 506 670 Vesp.
530 584 608 650 578:
655 586 792 649 ’παίδων
829 587 933 650 τοίνυν
971 586 1237 669 δοκιμαζομένων
1272 587 1389 669 τᾲδοῖα

209 694 339 776 πάρεστι
361 692 521 757 δεᾶοδοι’.
567 690 778 777 Quamquam
802 689 1044 770 schumessn)
1068 690 1158 756 huno
1180 711 1316 758 versum
1337 692 1388 759 ita

210 796 326 863 referri
348 817 448 884 posse
472 817 533 863 suo
556 797 628 863 iure
650 800 762 879 negat.

301 902 387 985 Quid
416 924 505 990 vero,
541 904 571 970 si
600 904 713 970 nullus
736 906 907 989 ἀγχιστεύς,
943 904 1000 991 qui
1028 904 1131 971 filiam
1161 903 1316 971 heredem
1350 905 1387 971 in

211 1010 460 1077 mabimonium
483 1011 586 1078 duest
609 1012 746 1097 eiusque
771 1010 875 1078 adeat
896 1010 1078 1085 heredium,
1095 1011 1168 1077 vila
1183 1014 1331 1098 superat,
1347 1012 1385 1087 si,

211 1118 251 1182 ut
265 1115 415 1184 Platonis
438 1119 516 1183 utar
530 1118 652 1202 verbis,
676 1138 730 1184 res
753 1119 850 1184 venii
872 1117 916 1184 ad
938 1117 1085 1204 inopiam
1105 1121 1278 1202 ’ξυγγενῶν
1292 1121 1388 1203 μέχρι

210 1225 270 1308 μὲν
292 1226 434 1309 ἀδελφοῦ
457 1226 579 1308 viaticis,
602 1228 697 1310 μέχρι
721 1225 756 1290 δὲ
777 1228 913 1291 πάππου
936 1227 1062 1291 παίδων
1086 1226 1321 1308 ὡσαύτωςᾪδδ)

300 1331 385 1397 Tum
416 1330 634 1418 philosophus
664 1333 798 1418 quidem
830 1331 933 1398 libero
957 1335 1129 1416 ἐπικλήρου
1153 1331 1288 1398 arbitrio
1310 1351 1386 1419 per·

210 1437 324 1519 mittit,
349 1457 448 1524 quem
472 1438 537 1505 sibi
568 1437 858 1505 consentientibus
881 1438 1008 1505 seilicet
1038 1438 1205 1505 tutoribus
1228 1438 1387 1505 mantum

210 1546 245 1610 eb
274 1543 323 1611 rei
352 1543 526 1611 familiaris
558 1544 660 1628 eligat
681 1547 939 1632 'procuratorem
971 1545 1208 1630 (saaladin)
1242 1545 1388 1611 Athenis

209 1653 324 1718 aulem
341 1651 515 1738 propinqui
539 1653 653 1724 ἐκτὸς
675 1654 850 1737 ἀγχιστείας
864 1653 993 1739 paterni
1010 1651 1054 1719 ad
1077 1654 1247 1738 ἐπίκληρον
1262 1651 1387 1718 dueen-

210 1757 289 1823 dam
312 1777 459 1845 opesque
475 1758 548 1824 eius
571 1758 855 1826 administrandas
870 1758 1138 1844 voeabanlm;²⁶)
1163 1780 1203 1826 ao
1218 1758 1298 1845 quid
1312 1758 1387 1824 fieri

209 1862 354 1947 deberet,
378 1864 407 1929 si
422 1885 465 1931 ne
489 1864 652 1931 eiusmodi
669 1864 801 1952 quidem
817 1869 1036 1953 superessent
1050 1865 1234 1953 propinqui,
1256 1865 1387 1948 legibus

209 1969 331 2037 Atticis
354 1970 437 2037 nihil
461 1974 535 2038 erat
558 1975 706 2053 cautum,
731 1993 800 2058 qua
822 1973 979 2039 cautione
1004 1973 1170 2038 eominus
1194 1993 1278 2058 opus
1302 1975 1386 2054 erat,

210 2098 275 2162 quo
298 2076 407 2144 rarius
430 2078 536 2164 ipsius
560 2082 732 2163 ἀγχιστείας
754 2079 844 2145 fines
867 2081 964 2145 erant
987 2077 1225 2163 egrediendi.²⁸)

297 2183 419 2251 Restat
440 2188 480 2250 ut
504 2186 545 2251 de
570 2184 784 2272 disponendis
807 2186 908 2252 rebus
932 2187 1005 2252 eius
1024 2185 1187 2252 nonnulla
1210 2183 1385 2273 disputen-

209 2292 275 2373 tur,
293 2291 351 2377 qui
365 2311 428 2357 neo
443 2289 523 2357 filiis
535 2313 598 2358 neu
609 2291 746 2358 filiabus
757 2292 883 2359 relictis
894 2292 1078 2360 intestatus
1091 2291 1132 2359 do
1144 2293 1217 2358 viia
1233 2293 1385 2359 excessit

297 2396 368 2463 Iam
380 2418 459 2464 vero
471 2397 568 2465 Plato
583 2399 657 2479 (925
666 2397 734 2483 CD)
747 2420 886 2465 uxorem
897 2400 931 2465 in
945 2403 1026 2484 οἴκῳ
1038 2399 1135 2486 quasi
1142 2401 1385 2484 ἐξηρημωμένῳ

208 2502 284 2569 vult
306 2506 466 2571 constitui
489 2504 552 2572 hoo
576 2503 702 2572 ordine:

530 2633 558 2697 1.
582 2633 715 2716 ἀδελφή,
1023 2632 1064 2714 (2)
1147 2664 1149 2667 >

530 2738 558 2803 2.
583 2740 725 2822 ἀδελφοῦ
748 2741 904 2823 θυγάτηρ,
1023 2739 1063 2822 (1)

530 2845 560 2910 3.
584 2847 724 2930 ἀδελφῆς
747 2849 891 2930 ἔκγονος,
1023 2846 1064 2928 (3)

529 2953 559 3018 4.
580 2952 704 3035 πατρὸς
726 2954 859 3036 ἀδελφή,
1022 2952 1063 3035 (5)

529 3058 560 3125 5.
582 3058 703 3141 πατρδζ·
727 3060 868 3142 ἀδελφοῦ
891 3067 974 3140 παῖς,
1022 3060 1064 3142 (4)

528 3166 558 3230 6.
581 3165 701 3249 πατρὸς
725 3167 866 3249 ἀδελφῆς
892 3173 967 3238 παῖς
1022 3166 1072 3249 (6).

296 3291 371 3357 Hae
379 3286 526 3356 sominae
535 3293 613 3355 ‘aaz'
627 3292 811 3375 ἀγχιστείον’
821 3291 1025 3357 eumiisdsm
1036 3290 1195 3356 iubentur
1204 3289 1384 3356 conubium

206 3394 299 3477 inire,
324 3395 390 3480 qui,
412 3395 441 3460 si
453 3398 623 3481 ἐπίκληρος
645 3399 805 3478 exstaret,
829 3397 918 3465 hano
941 3398 976 3464 in
992 3397 1238 3464 matrimonium
1264 3395 1385 3463 dusera
1510 3448 1512 3452 ,

296 3625 327 3694 ς’)
347 3625 552 3683 Vormundsob.
574 3627 610 3682 65
625 3644 666 3700 sq.
699 3627 735 3684 ol.
758 3632 907 3699 praeterea
935 3627 1015 3684 Paul
1034 3627 1117 3683 Wiss.
1137 3629 1178 3682 V¹
1210 3628 1291 3695 12693
1322 3629 1383 3685 Au.

207 3713 285 3769 Proo.
304 3713 358 3770 264
376 3731 403 3772 n.
418 3713 478 3769 166.

296 3803 329 3872 ²⁸)
349 3802 509 3871 Grassholl,
529 3804 565 3858 de
575 3804 754 3860 suooessione
763 3805 812 3872 ³63
831 3805 975 3861 Hermann
993 3806 1053 3875 liur.
1064 3807 1138 3862 dom.
1149 3823 1240 3878 comp.
1252 3805 1289 3861 26
1300 3822 1327 3862 n.
1336 3803 1382 3875 91)

205 3891 285 3946 illam
304 3891 456 3947 dictionom
475 3895 551 3948 reebs
569 3893 611 3948 ita
628 3893 838 3965 interpretatur,
857 3898 891 3949 ut
908 3895 945 3949 ad
962 3893 1074 3947 πάπποι
1090 3891 1195 3948 παίδων
1212 3897 1281 3950 ilem
1292 3889 1383 3947 ιίιδῶι

206 3983 302 4036 ments
320 3981 504 4053 supplendum
524 3982 570 4040 sii.

295 4069 326 4134 ς’4)
345 4069 438 4126 Herm.
450 4070 502 4128 ior.
515 4072 589 4126 dom.
602 4087 693 4143 oomp.
705 4072 742 4126 26
751 4088 802 4144 sq„
820 4072 865 4128 30.

295 4159 328 4228 u)
345 4158 412 4214 ibid.
424 4160 474 4226 313
505 4160 565 4215 Ate
578 4160 659 4216 Proo.
673 4160 739 4228 5873
771 4161 927 4227 Gaillemer,
960 4161 1034 4217 droit
1065 4162 1100 4217 de
1128 4160 1287 4216 suooession
1317 4160 1380 4228 1293

204 4246 360 4313 Bsauohet,
380 4248 455 4303 droit
473 4249 553 4320 privs
571 4248 616 4314 111,
630 4249 692 4306 566.
859 4250 861 4252 ’

295 4336 328 4404 Μ)
345 4336 411 4392 ibid.
423 4337 471 4403 111,
481 4337 548 4405 5643
567 4340 628 4394 Att.
641 4339 721 4394 Proo.
735 4339 796 4394 588.
