3292 5017
733 385 955 452 -60-

344 560 405 626 His
422 562 612 629 annectitur
636 564 722 647 δίκη
746 564 900 648 κλοπῆς.
938 563 1103 649 Praecipit
1117 583 1196 630 vero
1211 562 1428 650 philosophus

251 668 390 751 (857A),
414 668 562 735 Atticam
587 671 723 736 secutus
746 668 904 755 legem,⁷⁰)
928 673 968 735 ut
990 670 1090 752 fures,
1115 670 1170 756 qui
1194 670 1329 757 privata
1347 669 1430 736 furti

254 795 359 841 causa
383 773 569 858 ceciderint,
594 775 703 861 dupli
725 776 872 842 subeant
886 797 1036 863 poenam.
1075 776 1133 842 Sin
1150 777 1225 863 quis
1240 777 1275 841 in
1291 775 1429 862 duplum

253 881 303 947 ire
334 886 491 968 nequeat,
523 880 665 948 vinculis
696 883 803 948 teneri
832 883 977 966 iubetur,
1009 883 1115 950 donec
1145 886 1207 949 aut
1234 883 1346 950 solvat
1368 886 1430 950 aut

255 988 377 1055 actoris
401 989 550 1055 animum
572 974 746 1073 flectat;⁷⁷)
770 990 913 1055 Athenis
936 988 1066 1056 furibus
1090 989 1182 1056 haud
1204 1010 1278 1068 raro
1301 989 1429 1075 προστι-Ι

253 1099 346 1181 μήοει
369 1095 504 1162 vincula
526 1117 585 1182 per
608 1096 754 1183 quinque
775 1095 845 1162 dies
862 1097 1069 1184 totidemque
1093 1099 1209 1164 noctes
1233 1096 1429 1183 perferenda

248 1203 534 1286 ‘irrogabanturwl

343 1307 470 1375 Deinde
493 1310 600 1396 pergit
622 1309 719 1376 Plato
742 1310 806 1376 sic:

342 1416 409 1482 ’ἐὰν
434 1418 470 1481 δέ
491 1442 535 1489 τις
560 1419 644 1501 ὄφλῃ
668 1418 790 1502 κλοπῆς
813 1420 980 1502 δημοσίᾳ
1004 1420 1104 1502 δίκην,
1127 1420 1236 1490 πείσας
1258 1419 1314 1502 τὴν
1336 1420 1428 1483 πόλιν

248 1528 274 1608 ἢ
290 1524 326 1589 τδ
341 1525 467 1608 κλέμμα
484 1525 605 1595 ἐκτίσας
621 1526 751 1589 διπλοῦν
767 1527 1013 1591 ἀπαλλαττέσθω
1033 1532 1098 1590 τῶν
1113 1527 1260 1609 deoperire?
1300 1524 1427 1607 Quibus

253 1630 365 1696 verbis
387 1628 467 1696 licet
489 1651 653 1717 opponere
675 1634 754 1715 XH,
768 1631 885 1696 94lll:
909 1632 974 1697 ’τὸν
999 1634 1034 1697 δὲ
1057 1633 1152 1697 ἀστόν
1168 1681 1174 1695 .
1192 1684 1198 1696 .
1215 1684 1222 1697 .
1238 1635 1278 1697 ἂν
1292 1634 1426 1715 πατρίδα

254 1739 361 1803 συλῶν
386 1741 405 1821 ἢ
429 1739 619 1822 βιαζόμενος
642 1740 812 1823 ἁλίσκηται,
837 1741 892 1804 ἐάν
914 1742 940 1802 τ’
957 1742 1006 1804 ἐπ’
1031 1741 1215 1823 αὐτοφώρῳ
1239 1741 1294 1804 ἐάν
1317 1765 1349 1804 τε
1370 1742 1427 1824 μή,

249 1894 262 1910 t
279 1895 286 1908 .
303 1894 310 1908 .
326 1845 460 1928 θανάτῳ
476 1847 629 1929 ζημιοῦν.’
668 1844 729 1911 His
745 1846 867 1929 attingi
883 1847 1006 1930 κλοπὴν
1023 1848 1188 1930 δημοσίων
1203 1847 1379 1930 χρημάτων
1391 1847 1426 1928 70)

249 1949 400 2017 efficitur
423 1971 464 2017 ex
488 1951 602 2018 9410:
636 1955 704 2018 ‘eoo
726 1956 767 2025 τίς
795 1979 823 2017 τι
854 1955 969 2037 κλέπτῃ
999 1955 1042 2038 δη
1048 1955 1200 2037 μόσιαν,
1223 1956 1306 2036 μέγα
1330 1957 1350 2037 ἢ
1374 1954 1427 2018 καὶ

246 2059 398 2142 σμικρόν,
413 2067 469 2143 τῆς
484 2061 580 2143 αὐτῆς
596 2061 686 2144 δίκης
703 2061 768 2125 δεῖ.’
801 2058 986 2146 Utrumque
1002 2059 1111 2125 locum
1121 2098 1166 2108 -
1178 2062 1213 2125 et
1227 2062 1287 2143 IX,
1298 2058 1426 2124 857AB

254 2169 289 2231 et
310 2165 387 2248 XII,
402 2163 502 2230 ens
518 2204 562 2212 -
578 2165 635 2251 qui
657 2166 798 2232 strictim
820 2167 1014 2253 inspexerit,
1034 2165 1176 2232 forsitan
1199 2165 1263 2231 sibi
1285 2186 1425 2251 persua-

247 2272 333 2337 serit
356 2271 532 2338 Platonem
555 2272 664 2358 ipsum
688 2272 751 2338 sibi
775 2272 909 2359 obloqui
933 2273 1053 2360 quippe
1076 2271 1165 2338 idem
1188 2271 1298 2338 scelus
1321 2271 1426 2338 altero

252 2377 324 2444 loco
348 2399 457 2464 poena
480 2376 580 2465 dupli,
613 2378 717 2446 altero
745 2384 852 2446 morte
874 2379 922 2445 lui
944 2380 1126 2446 iubentem.
1172 2378 1266 2460 Quae
1283 2377 1426 2445 difficul-

247 2486 308 2550 tas
331 2485 480 2551 tollenda
510 2484 644 2551 videtur
675 2507 748 2552 esse
772 2487 831 2569 ita,
861 2490 901 2552 ut
923 2486 1060 2552 857AB
1083 2486 1269 2552 referamus
1291 2507 1359 2552 non
1383 2484 1426 2551 ad

251 2612 391 2658 causam
410 2591 491 2657 furti
506 2593 723 2678 pecuniarum
738 2592 954 2679 publicarum,
971 2591 1030 2659 sed
1046 2592 1090 2658 ad
1106 2613 1244 2658 causam
1258 2592 1423 2678 publicam

245 2698 334 2765 ,furti
355 2698 496 2785 privatis
518 2698 612 2765 illati.
657 2699 744 2766 Fieri
767 2700 857 2765 enim
883 2701 1024 2785 poterat,
1049 2703 1089 2765 ut
1110 2699 1150 2784 is,
1182 2699 1236 2765 oui
1258 2720 1312 2765 res
1334 2698 1424 2765 furto

253 2803 412 2891 adempta
446 2808 527 2890 erat,
562 2805 634 2892 ipse
668 2807 774 2872 furem
808 2827 876 2872 non
909 2810 1054 2893 peteret,
1089 2809 1163 2872 tum
1189 2827 1268 2872 vero
1291 2826 1350 2893 per
1371 2805 1425 2871 ius

246 2915 342 2978 certe
365 2912 517 2979 Atticum
541 2913 645 2979 cuivis
669 2913 734 2979 civi
755 2912 880 2980 licebat
902 2913 1069 3000 publicam
1097 2933 1234 2979 causam
1258 2914 1288 2978 ei
1311 2913 1424 2978 inten-

251 3018 377 3103 dere.⁸⁰)
423 3020 527 3106 Atqui
550 3020 586 3085 in
609 3020 720 3087 causis
743 3019 885 3107 publicis
909 3021 1017 3087 multa
1039 3019 1232 3106 plerumque
1255 3022 1329 3085 tota
1344 3019 1424 3085 fisco

251 3130 325 3192 erat
347 3124 516 3208 solvenda,
540 3130 587 3212 ut,
612 3128 669 3213 qui
692 3148 767 3193 eam
783 3128 849 3193 sibi
863 3128 988 3194 remitti
1004 3129 1148 3214 cuperet,
1172 3147 1242 3191 rem
1256 3124 1424 3212 publicam

251 3231 343 3299 adire
376 3232 519 3300 deberet
570 3232 662 3314 Quae
697 3255 772 3301 cum
806 3235 855 3300 ita
890 3256 926 3300 se
960 3233 1120 3317 habeant,
1157 3235 1234 3319 apte
1269 3233 1425 3319 explicari

250 3342 395 3425 possunt
433 3340 536 3406 verba
566 3344 685 3413 οπείσας
714 3342 771 3425 τὴν
808 3343 947 3406 πόλιν.
972 3391 978 3405 .
1003 3389 1009 3403 .
1034 3390 1040 3404 .
1079 3341 1325 3406 ἀπαλλαττέσθω
1358 3346 1423 3404 τῶν

340 3623 373 3695 ⁷⁶)
392 3625 484 3681 Herm.
503 3626 538 3679 de
556 3624 683 3695 vestigiis
701 3625 748 3690 593
768 3625 828 3678 Att.
848 3624 927 3679 Proo.
946 3623 1008 3679 453.

342 3713 371 3783 77)
391 3713 452 3768 Ηοα
471 3731 583 3786 quoque
602 3714 743 3768 Hermann
762 3713 805 3782 (de
822 3713 949 3783 vestigiis
967 3713 1002 3768 59
1020 3730 1047 3767 n.
1065 3713 1127 3785 246)
1153 3731 1187 3768 ex
1211 3712 1423 3768 Atheniensium

252 3819 306 3857 usu
323 3802 429 3857 forensi
448 3803 645 3874 depromptum
669 3819 731 3857 esse
755 3802 919 3868 arbitratur;
945 3805 976 3855 at
994 3802 1113 3857 Athenis
1136 3802 1239 3857 actoris
1257 3801 1344 3872 ipsius
1363 3804 1424 3855 erat

250 3891 369 3945 multam
387 3907 435 3945 reo
454 3892 489 3945 ab
508 3892 645 3946 iudicibus
663 3891 815 3961 irrogatam
835 3891 953 3960 exigere,
972 3908 1064 3962 neque
1076 3892 1105 3944 in
1118 3891 1209 3946 causis
1222 3891 1337 3961 privatis
1349 3907 1421 3954 reue,

249 3981 341 4035 donec
359 3981 448 4035 actori
466 3980 649 4046 satisfaceret,
669 3980 798 4035 custodia
814 3980 906 4034 teneri
924 3981 1034 4035 solebat
1052 3980 1105 4035 nisi
1122 3981 1151 4034 in
1164 3975 1248 4036 liuore
1260 3976 1423 4050 ἐμπορικαῖς.

243 4070 287 4124 cf.
305 4070 364 4124 Att.
384 4070 464 4126 Proo.
482 4069 537 4123 962
555 4086 611 4140 sq.;
630 4070 723 4124 Herm.
742 4068 842 4125 Thelh.
861 4070 894 4125 ll
913 4071 947 4126 A.
967 4069 1019 4123 134
1031 4087 1072 4142 sq.

341 4159 371 4229 78)
390 4158 449 4214 Att.
470 4158 549 4214 Proo.
568 4158 636 4224 4533
656 4157 821 4242 Thonissen
842 4158 916 4212 droit
934 4158 1016 4229 penal
1036 4158 1087 4212 134
1106 4167 1135 4212 et
1153 4157 1213 4213 301.

340 4231 371 4301 79)
390 4231 466 4285 Idem
485 4230 575 4286 scelus
593 4230 707 4284 Platom
725 4230 891 4284 obversatur
908 4229 951 4284 De
969 4231 1038 4301 Rep.
1057 4230 1076 4296 l,
1087 4229 1177 4285 3478.

341 4319 370 4388 80)
390 4319 449 4374 Att.
469 4319 547 4375 Proo.
567 4318 621 4372 453
633 4335 674 4390 sq.
