3292 5017
686 412 905 477 -13..

208 591 363 656 universe
375 588 483 673 legem
495 588 643 656 valuisse
656 589 809 656 Platonis
820 592 998 677 praecepto
1011 591 1212 656 contrariam
1227 589 1387 674 „melio-

207 697 261 763 ris
284 697 433 783 parentis
454 695 680 762 condicionem
696 699 847 783 sequitur
861 699 1010 783 partus“,
1026 697 1076 763 ita
1091 700 1216 777 tamen,
1234 703 1274 762 ut
1288 697 1382 763 liberi

208 804 331 869 civium
348 824 424 869 cum
440 803 545 869 servis
560 803 664 887 geniti
679 802 856 887 libertatis,
874 825 942 870 non
958 805 1105 871 civitatis
1126 805 1221 869 statu
1237 803 1291 868 usi
1307 805 1386 870 sint.

244 989 246 994 .
297 910 547 994 Peregrinorum
585 909 705 976 deinde
744 910 810 975 duo
849 932 973 994 genera
1011 909 1109 976 Plato
1149 909 1242 991 (VIII,
1263 911 1328 975 848
1340 911 1381 994 A)

208 1017 352 1101 statuit3
387 1015 562 1101 distinguit
596 1018 684 1083 enim
721 1038 790 1102 eoa,
827 1021 873 1083 ‘oi
893 1070 899 1083 .
923 1068 930 1083 .
954 1067 961 1081 .
985 1022 1024 1083 ἂν
1054 1025 1118 1083 τῶν
1153 1019 1386 1101 μετοικούντων

208 1124 268 1190 ὥοι
292 1128 529 1199 ξυνοικοῦιτες’,
554 1124 597 1190 ab
620 1123 671 1207 iiS,
696 1126 777 1189 ‘door
800 1128 890 1208 χρείᾳ
912 1126 970 1189 τινὶ
991 1126 1118 1195 πόλεως
1145 1128 1166 1207 ἤ
1189 1148 1271 1196 τινος
1294 1125 1385 1189 idom·

207 1237 273 1296 τῶν
310 1233 515 1314 ἀφικνοῦνται
553 1233 719 1296 ἑκάστοτέ.
778 1232 827 1297 Αο
861 1231 1026 1317 posterius
1061 1251 1167 1314 genus
1198 1250 1314 1295 rursus
1347 1230 1384 1295 in
1439 1309 1440 1313 Ἰ

208 1340 366 1423 quattuor
382 1335 499 1403 dividit
515 1337 641 1433 species
655 1336 733 1418 (XII,
747 1336 923 1420 95211331,
936 1358 1020 1423 quas
1037 1357 1230 1402 enumerare
1246 1335 1383 1419 longum

208 1446 268 1510 est.
314 1444 494 1526 Προξευίαν
525 1464 614 1528 vero,
646 1442 687 1509 de
719 1464 786 1529 qua
809 1445 934 1509 mentio
957 1443 1000 1509 iit
1021 1444 1045 1525 Ι,
1059 1444 1124 1508 642
1133 1442 1210 1526 B,11)
1242 1442 1384 1509 strictim

116 1543 118 1549 ’
207 1551 359 1634 tetigisse
390 1550 474 1616 satis
505 1550 558 1617 sit.

298 1657 431 1723 Maioris
455 1656 628 1743 aliquanto
652 1657 814 1723 momenti
843 1661 895 1723 est
918 1677 1063 1740 cernere,
1089 1676 1174 1742 quae
1198 1655 1283 1722 ratio
1308 1675 1383 1720 cum

206 1764 377 1850 inquilinis
415 1763 672 1829 Atheniensium
709 1764 760 1846 iis,
800 1784 884 1849 quos
922 1762 1019 1830 Plato
1066 1762 1160 1844 (VIII,
1185 1762 1250 1828 850
1270 1763 1302 1826 A
1329 1767 1386 1845 ss.)

206 1870 313 1955 fingit,
344 1870 539 1938 intercedat.
592 1869 686 1950 Quod
717 1870 844 1936 diutius
868 1891 926 1936 eos
949 1890 1051 1955 quam
1076 1869 1194 1952 viginti
1217 1889 1324 1934 annos
1347 1868 1383 1933 in

208 1977 344 2043 civitate
372 1997 508 2043 manere
531 1978 628 2043 vetat
651 1980 686 2043 et
702 1980 809 2043 artem
833 1976 980 2063 aliquam
1004 1976 1087 2042 scire
1110 1976 1205 2042 iubet
1227 1978 1385 2057 tractare,

206 2082 271 2150 hoc
309 2084 351 2150 ab
391 2084 647 2150 Atheniensium
682 2086 769 2150 certe
807 2084 995 2170 praeceptis
1030 2082 1173 2149 videtur
1196 2081 1386 2148 abhorrere.

207 2189 293 2255 'lum
340 2210 448 2277 neque
494 2194 651 2274 μετοίκιον
694 2211 803 2277 neque
847 2189 915 2256 alia
955 2190 1084 2256 tributa
1126 2190 1302 2275 emptionis
1349 2191 1387 2254 et

208 2295 411 2363 venditionis
443 2306 548 2362 ceus'a
576 2297 617 2362 iis
649 2297 775 2383 imponi
808 2296 893 2379 vult,
929 2318 997 2383 qua
1019 2297 1056 2370 in
1078 2316 1113 2361 re
1137 2295 1266 2382 patriae
1290 2294 1383 2360 haud

208 2403 307 2469 dubie
330 2404 421 2486 leges
452 2406 532 2470 ante
557 2403 670 2470 oculos
693 2403 808 2482 habet,
841 2403 898 2469 nbi
921 2403 1075 2490 inquilini
1099 2406 1133 2468 et
1154 2405 1313 2486 μετοίκιον
1337 2404 1385 2487 et,

208 2511 236 2576 si
259 2514 481 2577 mercaturam
504 2512 539 2576 in
561 2510 634 2577 foro
657 2509 839 2591 iaciebant,
860 2510 1035 2592 tributum,
1060 2530 1162 2595 aquo
1179 2509 1270 2575 cives
1287 2512 1387 2575 erant

206 2616 310 2701 liberi,
335 2616 464 2683 solvere
488 2616 706 2701 debebantffil
1028 2697 1031 2702 Ι

297 2724 394 2790 Cives
406 2723 503 2790 Plato
516 2723 740 2790 Athenienses
755 2725 909 2790 imitatus
927 2724 976 2806 (V,
991 2724 1055 2788 744
1065 2722 1092 2787 Β
1104 2727 1159 2805 ss.)
1171 2724 1207 2787 in
1223 2724 1386 2809 quattuor

208 2829 332 2897 classes
368 2829 471 2896 dividi
504 2830 648 2914 iubete)
704 2829 814 2897 Vocat
849 2832 964 2896 autem
998 2829 1061 2896 hos
1096 2828 1228 2895 ordines
1264 2827 1385 2911 (7440)

207 2940 367 3022 επρώτους
390 2939 444 3003 καὶ
468 2939 634 3021 δευτέρους
657 2939 710 3002 καὶ
732 2941 854 3021 τρίτους
880 2940 934 3003 καὶ
956 2940 1131 3020 τετάρτους’
1163 2939 1265 3022 atque
1289 2934 1384 3001 addit

208 3046 239 3126 ’ἤ
261 3070 338 3110 τισιν
368 3047 473 3117 ἄλλοις
502 3047 843 3128 προσαγορευομένους
874 3046 1028 3128 ὀνόμασί,
1060 3064 1125 3129 quo
1149 3039 1382 3128 supplemento

209 3150 289 3233 quin
323 3152 446 3234 cogitet
469 3149 510 3216 de
544 3153 896 3235 πειτοκοσιομεόίμνοις
930 3154 1063 3225 ἱππεῦσι,
1098 3152 1257 3233 ζευγίταις,
1296 3150 1385 3232 tiqui,

209 3276 296 3341 quae
320 3257 457 3323 nomina
479 3259 639 3343 quattuor
653 3256 911 3324 Atheniensium
934 3256 1092 3323 censibus
1115 3254 1221 3321 inisse
1238 3257 1381 3338 constat,

208 3361 266 3428 vix
283 3362 422 3428 dubium
438 3366 498 3429 est.
537 3363 619 3429 Cum
635 3386 714 3431 vero
731 3365 886 3431 Solonem
896 3363 1127 3449 ¹acceperimus
1143 3360 1292 3427 diversos
1308 3359 1382 3426 illos

207 3469 331 3552 gradus
365 3468 529 3536 fructibus
553 3459 595 3537 ex
619 3472 706 3554 agris
734 3471 916 3557 quotannis
940 3470 1048 3556 captis
1078 3489 1233 3534 mensum
1257 3469 1382 3553 esse‚14l

207 3575 425 3663 philosophus
449 3576 538 3642 cives
563 3581 624 3643 aut
647 3580 766 3664 quarto
790 3581 852 3643 aut
874 3578 973 3644 tertio
997 3579 1058 3641 aut
1082 3574 1178 3640 alteri
1202 3578 1263 3639 aut
1276 3574 1384 3660 primo

210 3683 324 3748 censui
334 3683 430 3750 iubet
442 3682 594 3768 adscribi,
611 3687 710 3771 prout
725 3684 866 3770 quisque
883 3687 945 3749 aut
959 3704 1064 3748 unum
1079 3684 1199 3766 κλῆρον
1211 3679 1383 3767 possideat

209 3791 271 3853 aut
296 3789 433 3877 duplum
462 3791 534 3857 eius
557 3792 654 3878 pretii
678 3794 739 3856 aut
761 3790 898 3876 triplum
922 3792 982 3855 aut
1005 3788 1227 3875 quadruplum
1251 3784 1384 3869 174411).

298 3986 328 4054 n,
348 3985 383 4040 ci.
403 3986 550 4050 Schubert,
569 3987 611 4041 De
629 3986 763 4058 proxenia
781 3984 879 4039 Attica
898 4001 924 4056 p.
937 3985 962 4039 5.

298 4073 329 4143 ¹²)
348 4074 413 4131 Sch.
437 4075 513 4146 Lips.
542 4075 587 4130 Gr.
606 4075 663 4129 Alt.
683 4075 703 4140 1,
713 4074 767 4129 372
777 4090 833 4145 sq.;
864 4073 936 4128 Gilb.
965 4071 1112 4128 Steatsalt.
1131 4070 1282 4140 1,198sq.;
1313 4068 1383 4124 Bus.

208 4161 250 4217 St.
269 4179 296 4217 u.
315 4162 349 4218 R.
368 4164 401 4218 A.
423 4163 525 4236 ln‘lsq.
639 4217 641 4224 q

297 4252 328 4320 Ῐ81
348 4251 384 4308 cf.
403 4252 495 4307 Herm.
515 4252 550 4306 de
568 4252 695 4322 vestigiis
711 4253 799 4322 35sq.

297 4338 328 4408 ¹⁴)
348 4340 419 4396 Gilb.
440 4341 588 4396 Staatsalt.
607 4340 627 4405 1,
640 4340 699 4394 148.
