3292 5017
741 413 963 477 „26-

350 589 448 674 Nunc
479 589 679 657 accedamus
711 589 753 657 ad
786 589 929 656 tutelam
960 588 1157 677 pupillorum
1188 588 1442 676 inspiciendam.

261 696 447 781 Distinguit
478 700 594 766 autem
625 695 722 762 Plato
753 698 883 763 tutores
917 699 1122 763 testamento
1158 696 1360 763 constitutos
1396 696 1442 762 ab

170 854 172 858 ⁷
261 804 311 887 iis,
336 802 393 889 qui
417 806 544 870 acerto
567 823 707 870 numero
722 801 1003 890 nomophylacum
1027 802 1115 869 orbis
1131 801 1338 885 addicantur,
1363 823 1443 869 cum

261 909 415 994 Athonis,
439 911 505 976 nisi
527 911 732 976 testamento
757 908 797 976 de
814 909 983 987 tutoribus
1007 912 1099 976 esset
1114 913 1262 996 cautum,
1287 909 1439 976 archonti

261 1038 332 1084 rem
353 1016 446 1084 illam
469 1037 568 1084 curae
591 1014 698 1083 fuisse
722 1018 905 1098 constetit

351 1124 444 1205 Quae
460 1123 622 1210 praecipit
636 1122 734 1190 Plato
752 1123 815 1207 (XI,
826 1124 892 1188 924
901 1123 973 1207 AB)
989 1121 1031 1190 de
1046 1122 1215 1189 tutoribus
1232 1125 1443 1190 testamento

262 1231 401 1318 scriptis⁷
436 1250 545 1317 neque
580 1233 680 1313 egent
712 1230 989 1317 interpretatione
1024 1233 1060 1297 et
1092 1250 1227 1317 prorsus
1258 1250 1335 1295 cum
1365 1230 1438 1295 iure

261 1337 375 1403 Attico
393 1337 634 1423 conspirant.³⁸)
1358 1357 1360 1359 ·

351 1443 410 1509 Sin
448 1442 569 1510 liberos
607 1444 776 1530 relinquat
809 1444 939 1511 tutelae
977 1442 1166 1527 indigentes
1203 1443 1243 1529 is,
1283 1442 1341 1529 qui
1378 1447 1444 1509 aut

262 1549 397 1616 omnino
409 1570 478 1615 non
489 1553 638 1617 testatus
652 1552 696 1617 sit
708 1554 768 1616 aut
780 1547 986 1618 testamento
998 1550 1126 1617 tutelae
1142 1571 1210 1616 non
1222 1551 1438 1636 prospexerit,

261 1656 356 1723 iubet
378 1657 581 1740 ’ἐπιτρόπους
614 1658 691 1723 εἶναι
725 1659 798 1731 τοὺς
829 1660 979 1742 ἐγγύτατα
1011 1661 1091 1741 γένει
1119 1658 1203 1740 πρὸς
1232 1657 1353 1739 πατρὸς
1384 1658 1444 1722 καὶ

260 1764 343 1847 πρὸς
364 1764 487 1848 μητρὸς
510 1768 651 1849 κυρίους,
675 1767 734 1831 δύο
749 1767 814 1849 μὲν
824 1766 907 1850 πρὸς
922 1766 1051 1848 πατρός,
1076 1766 1135 1829 δύο
1151 1764 1187 1829 δὲ
1208 1764 1293 1847 πρὸς
1306 1765 1444 1848 μητρός,

262 1874 317 1935 ἕνα
336 1872 364 1935 d’
382 1873 419 1935 ἐκ
433 1877 500 1936 τῶν
514 1879 571 1937 τοῦ
587 1874 825 1956 τελευτήσανιος
847 1873 1010 1956 coarat
1030 1908 1076 1919 —-
1090 1871 1243 1953 Athenis,
1268 1870 1298 1935 si
1320 1869 1440 1937 eadem

262 1974 429 2044 acciderat
450 1997 513 2059 ree,
538 1978 707 2045 archontis
732 1981 813 2063 erat,
838 1977 1007 2044 tutoribus
1029 1976 1185 2060 legitimis
1208 1979 1278 2060 aut,
1303 1976 1333 2043 si
1348 1978 1444 2042 eius-

261 2083 350 2150 modi
380 2086 510 2151 tutores
545 2105 613 2151 non
649 2088 845 2172 supererant
878 2084 935 2151 vel
964 2085 1055 2151 huno
1089 2082 1237 2150 laborem
1272 2083 1441 2170 suscipere

261 2190 424 2256 nolebant
454 2191 529 2258 aliis
556 2191 755 2278 pupillorum
791 2212 905 2257 curam
932 2191 1111 2274 gerendam
1146 2190 1290 2276 tradere3
1328 2211 1443 2277 neque
1558 2217 1562 2225 ·

225 2313 229 2324 “
261 2318 340 2364 vero
364 2298 564 2385 accepimus,
589 2303 672 2384 quot
694 2298 737 2364 ad
760 2298 825 2366 hoc
851 2321 975 2365 munus
997 2319 1119 2365 vocare
1143 2297 1344 2381 debuerit.⁴⁰l

351 2403 443 2484 Quae
467 2405 666 2472 sanciuntur
681 2404 746 2488 (VI,
763 2406 871 2490 7660)
896 2404 936 2473 de
959 2406 1090 2472 ratione
1105 2408 1256 2472 tutorum
1279 2403 1439 2491 supplen-

261 2510 388 2596 dorum,
412 2511 441 2576 si
464 2512 538 2597 quis
561 2514 655 2578 tutor
670 2515 822 2578 mortuus
847 2513 900 2586 sit,
927 2512 970 2578 ab
985 2513 1056 2579 iure
1078 2515 1166 2578 certe
1183 2512 1296 2578 Attico
1319 2508 1442 2576 viden*

261 2624 317 2683 tur
340 2618 531 2704 dissentire3
554 2639 663 2704 neque
688 2618 776 2684 enim
800 2621 860 2701 est,
884 2640 942 2685 cur
965 2619 1009 2686 ab
1025 2618 1185 2685 archonte
1208 2638 1332 2683 munus
1354 2616 1437 2682 illud

262 2724 479 2791 abiudicetur.
525 2727 574 2789 Ac
604 2726 678 2819 miri
709 2724 869 2811 quiddam
899 2725 1013 2809 habet,
1045 2724 1133 2813 quod
1157 2724 1254 2792 Plato
1279 2723 1441 2790 constitui

261 2834 391 2898 tutores
415 2854 436 2899 a
459 2830 768 2919 nomcphylacibuS,
801 2833 927 2919 expleri
954 2855 976 2899 a
997 2833 1190 2920 propinquis
1213 2830 1321 2914 iubet;
1353 2849 1436 2915 quo-

261 2938 372 3003 minus
410 2942 525 3005 tamen
563 2938 710 3027 Lipsiiss)
750 2940 930 3027 probemus
969 2938 1159 3026 opinionem
1204 2934 1441 3024 philosophum

261 3044 423 3132 suspicati
446 3047 576 3112 tutores
599 3066 622 3111 a
635 3047 829 3134 propinquis
845 3046 933 3113 velle
957 3046 1125 3126 constitui,
1150 3066 1171 3109 a
1186 3042 1451 3130 nomophylaci·>

261 3151 325 3217 bus
349 3152 446 3237 quasi
474 3152 605 3234 sanciri,
638 3152 702 3219 hcc
735 3153 817 3218 mihi
848 3153 981 3240 quidem
1004 3151 1139 3217 videtur
1169 3149 1313 3232 obstare,
1349 3149 1438 3236 quod

261 3260 402 3345 utroque
419 3258 501 3342 loco,
515 3264 550 3326 et
561 3259 616 3342 VI,
629 3260 726 3327 7660
743 3263 777 3327 et
787 3259 843 3343 Xl,
854 3261 920 3325 924
928 3259 965 3341 B,
982 3256 1069 3323 idem
1086 3255 1225 3323 verbum
1249 3260 1443 3323 καθιστάναι.

260 3369 451 3450 usurpatur.

351 3542 381 3612 ³⁷)
400 3543 465 3600 ibid
476 3543 542 3610 5513
562 3542 783 3599 Paul.Wiss.111
796 3542 857 3597 578.
877 3541 982 3596 Contra
992 3540 1157 3596 Schulthess
1170 3541 1380 3612 (Vcrmnndsch.
1395 3540 1442 3611 tol

260 3631 297 3685 ad
305 3633 417 3702 tempus
428 3634 503 3686 certe
512 3631 633 3686 Athenis
651 3633 765 3702 praeter
774 3630 941 3685 archontem
959 3630 1101 3701 proprium
1111 3630 1259 3701 collegium
1267 3630 1442 3701 pupillorum

261 3736 356 3773 curam
374 3721 465 3790 egisse
483 3721 542 3775 veri
560 3720 649 3775 simile
668 3720 752 3774 ducit.

350 3810 380 3878 ³⁸)
399 3809 459 3864 Att.
472 3810 553 3865 Proc.
567 3808 621 3862 552
639 3826 666 3864 n.
681 3808 745 3876 1963
765 3808 846 3874 Hille,
867 3809 1096 3864 delectamentis
1115 3809 1163 3875 52;
1187 3808 1279 3864 Herm
1298 3808 1348 3864 iur.
1362 3809 1438 3864 dom.

261 3914 352 3969 comp.
360 3898 409 3964 32;
419 3897 572 3964 Beauchet,
582 3897 657 3952 droit
666 3898 743 3969 prive
753 3898 786 3964 11,
797 3898 847 3952 167
856 3916 884 3953 n.
893 3897 920 3965 13
935 3897 1440 3963 Schulthess,Vcrmundsch.53et85..

350 3986 380 4057 ⁸⁹)
400 3987 436 4041 ci.
454 3986 520 4041 ibid.
532 3987 581 4053 86;
600 3986 694 4042 Herm.
712 3986 812 4043 Thalh.
826 3987 859 4044 R.
872 3988 905 4042 A.
920 3987 955 4041 14
964 4005 1004 4060 sq.
1023 4004 1050 4044 n.
1064 3987 1090 4041 5.

349 4076 381 4144 ⁴⁰)
400 4076 459 4132 Att.
474 4075 554 4131 Proc.
568 4076 632 4142 5533
653 4076 827 4142 Schulthcss,
847 4076 1050 4132 Vormundsch.
1063 4076 1099 4130 73
1108 4093 1149 4148 sq.
1169 4078 1198 4130 et
1216 4075 1251 4130 77
1259 4091 1265 4141 ;
1293 4074 1443 4129 Beauchet.

261 4164 344 4234 (droit
373 4165 452 4235 privs
479 4164 590 4236 11‚197)
618 4165 770 4221 arbitratur
801 4183 819 4219 a
849 4166 957 4236 legibus
987 4166 1094 4219 nullum
1129 4166 1257 4219 tutorum
1291 4179 1442 4218 numerum

261 4257 375 4308 cautum
394 4269 464 4309 esse.

349 4342 383 4414 ⁴¹)
402 4343 462 4398 Att
469 4343 610 4400 Proc.553
618 4361 647 4399 n,
657 4344 721 4411 1983
741 4344 776 4399 cf.
784 4347 930 4414 praeterea
938 4343 1089 4407 Beauchet,
1100 4342 1174 4397 droit
1183 4341 1261 4413 privs
1270 4341 1303 4401 ΙΙ,
1316 4340 1365 4395 185
1374 4358 1402 4396 n.
1413 4341 1442 4397 1ι
