3292 5017
736 384 959 450 -46-

255 562 402 648 repetita
417 561 595 629 creatione’
612 561 736 627 similes
750 582 823 627 esse
837 560 1047 647 Areopagitis
1058 561 1118 645 ita,
1135 564 1187 626 ‘ut
1198 582 1240 626 ex
1252 560 1430 646 superioris

254 669 338 735 anni
372 668 625 752 magistratibus
658 668 853 755 probatione
889 672 1048 755 superata
1080 667 1114 733 in
1145 665 1226 733 illud
1257 666 1429 750 fastigium

257 775 465 842 evehantur?
522 774 655 841 Etenim
689 774 879 841 archontas?
904 795 1035 861 quoque
1070 774 1326 840 Atheniensium
1360 774 1431 839 veri

254 881 364 948 simile
395 884 455 966 est,
487 885 671 968 antequam
701 882 736 946 in
764 885 979 968 Areopagum
1010 879 1277 964 admitterentur,
1309 880 1430 947 iterum

256 991 447 1073 δοκιμασίαν
470 988 581 1054 subire
605 987 794 1072 debuisse.⁶)

347 1069 463 1182 Neque
480 1116 559 1162 vero
575 1094 849 1181 provocationem
864 1093 962 1161 modo
979 1115 1083 1161 causa
1098 1079 1312 1161 constituitur
1322 1095 1431 1160 κοινὸν

257 1201 340 1268 illud
356 1204 566 1286 δικαστήριον,
583 1238 628 1249 -
641 1200 675 1268 id
691 1201 778 1288 quod
793 1201 891 1268 facile
907 1223 950 1268 ex
964 1201 1067 1268 7670
1084 1202 1249 1289 quispiam
1265 1201 1432 1284 collegerit

254 1347 303 1356 —
326 1307 385 1375 sed
408 1308 567 1391 gravioris
591 1308 751 1375 momenti
775 1330 896 1375 causas
918 1308 1069 1394 privatas
1089 1307 1133 1374 ad
1148 1309 1290 1375 selectos
1305 1307 1431 1375 iudices

258 1415 378 1481 deferri
390 1414 465 1481 vult
475 1414 571 1481 Plato
588 1414 645 1498 ita,
660 1418 701 1481 ut
716 1418 880 1500 διαιτητῶν
893 1418 928 1481 et
938 1422 1101 1500 κωμητῶν
1112 1415 1271 1482 iudicium
1283 1418 1431 1501 praeter-

258 1522 421 1588 mittatur.
467 1519 520 1586 Ad
549 1520 613 1588 hoc
642 1520 877 1588 illustrandum
907 1522 1000 1588 locus
1031 1522 1177 1589 maxime
1206 1522 1347 1588 idoneus
1379 1523 1432 1587 est

262 1626 317 1710 VI,
332 1628 396 1693 762
411 1627 488 1710 AB,
513 1627 570 1694 ubi
586 1626 626 1694 de
649 1630 844 1712 ἀγρονόμων
865 1627 993 1695 iniuriis
1008 1632 1102 1713 μέχρι
1116 1635 1200 1713 μνᾶς
1215 1627 1315 1695 alicui
1329 1628 1432 1695 illatis

253 1737 411 1820 κωμήτας
426 1736 480 1800 καὶ
495 1738 641 1818 γείτονας,
665 1734 706 1802 de
722 1735 903 1802 maioribus
918 1737 1034 1801 autem
1048 1736 1158 1808 κοινὰς
1174 1737 1264 1808 δίκας
1286 1734 1431 1801 iudicare

210 1930 211 1935 ἵ
257 1841 353 1908 iubet
375 1840 601 1928 philosophus.

348 1948 442 2030 Quae
473 1948 670 2015 sanciuntur
700 1947 949 2032 (illidendo)
982 1946 1022 2014 de
1047 1949 1200 2031 augendo
1223 1952 1379 2034 τιμήματι,
1402 1949 1432 2014 si
1538 1943 1541 1948 ’

256 2055 333 2141 quis
357 2055 400 2120 ab
423 2054 543 2121 iudicio
566 2053 720 2121 inferiore
744 2054 788 2121 ad
807 2056 960 2140 superius
974 2059 1142 2142 provocet,
1167 2055 1211 2122 ab
1226 2077 1292 2121 usu
1306 2055 1432 2122 forensi

256 2162 447 2228 Atticorum
476 2159 634 2229 videntur
664 2161 775 2228 aliena
806 2183 896 2246 esse;
927 2183 1007 2228 nam
1030 2162 1172 2229 Athenis
1198 2163 1332 2228 licuisse
1354 2183 1431 2249 per-

260 2289 399 2334 suasum
434 2267 542 2335 habeo
578 2269 625 2351 ei,
661 2269 716 2335 cui
746 2271 895 2353 διαιτηταὶ
925 2268 1048 2355 publici
1077 2289 1146 2335 non
1176 2268 1430 2354 satisfecissent,

256 2373 420 2441 heliastas
443 2373 533 2441 adire
555 2376 612 2458 ita,
635 2379 676 2441 ut
697 2375 780 2441 nihil
802 2374 1051 2462 periclitaretur.

348 2480 518 2568 Proprium
554 2480 672 2548 deinde
706 2481 865 2549 iudicium
900 2481 1012 2549 condit
1040 2482 1155 2566 Plato,
1191 2483 1279 2570 quod
1311 2504 1431 2550 causas

257 2587 424 2675 disceptet
438 2587 588 2675 publicas
613 2590 688 2671 (768
704 2590 752 2671 A).
776 2589 814 2654 ln
831 2592 1054 2676 δημοσίοις
1071 2590 1158 2656 enim
1175 2592 1432 2675 ἐγκλήμασιν

256 2694 399 2779 agendis
409 2696 503 2780 ’ἀρχὴ
517 2699 551 2761 et
560 2698 693 2782 relectis
707 2701 745 2763 ut
756 2717 860 2782 penes
872 2696 1030 2783 populum
1043 2694 1088 2763 sit
1098 2697 1430 2783 praecipit‘sscioaccc’

260 2823 339 2869 vero
362 2823 466 2888 penes
490 2805 558 2869 tres
582 2823 729 2869 summos
745 2804 974 2889 magistratus,
1000 2804 1040 2884 de
1061 2804 1181 2891 quibus
1197 2808 1290 2871 actor
1305 2808 1340 2871 et
1354 2825 1431 2870 reus

257 2908 346 2975 inter
369 2930 405 2975 se
427 2908 646 2995 paciscantur.

348 3015 528 3083 Praeterea
561 3017 619 3082 vix
655 3017 837 3104 quidquam
871 3016 912 3084 de
946 3017 1011 3084 hoc
1043 3018 1164 3084 iudicio
1196 3016 1431 3102 comperimus3

257 3143 368 3208 neque
403 3121 503 3189 ullius
537 3124 674 3189 memini
706 3123 833 3208 Legum
866 3124 939 3208 loci,
976 3145 1040 3210 quo
1076 3123 1197 3190 diserte
1229 3144 1332 3189 causa
1363 3124 1431 3190 ulla

259 3229 392 3317 publica
408 3231 439 3295 ei
454 3228 608 3296 tradatur
623 3228 838 3298 decernenda
862 3232 911 3299 Ac
926 3230 1162 3297 difficultatem
1177 3230 1213 3296 in
1225 3251 1263 3296 eo
1276 3230 1430 3316 positam,

257 3335 349 3422 quod
380 3336 543 3403 eiusmodi
572 3337 731 3403 iudicium
761 3342 801 3404 ut
832 3336 993 3420 conditur,
1024 3337 1074 3403 ita
1103 3337 1230 3403 nullam
1257 3340 1432 3423 praeterea

259 3440 393 3509 videtur
423 3463 522 3526 agere
552 3446 691 3529 partem,
726 3443 837 3510 fateor
866 3464 920 3510 me
950 3443 1076 3509 frustra
1105 3444 1222 3511 tollere
1253 3444 1431 3511 studuisse.

256 3548 387 3635 Operae
417 3550 559 3617 fortasse
591 3551 733 3636 pretium
765 3555 818 3617 est
848 3549 1025 3617 observare
1048 3548 1091 3616 ad
1121 3552 1247 3618 iudices
1278 3550 1429 3638 selectos,

257 3656 414 3741 quamvis
438 3658 566 3743 proprie
589 3658 847 3739 constituantur,
872 3659 912 3723 ut
934 3677 1055 3723 causas
1075 3656 1256 3725 diiudicent
1270 3659 1429 3744 privatas,

261 3762 476 3829 nihilominus
500 3762 650 3849 publicas
675 3763 793 3830 deferri
807 3764 934 3847 tingere
950 3764 1135 3848 Platonem,
1159 3765 1193 3831 id
1210 3763 1296 3851 quod
1314 3786 1431 3832 cernas

256 3890 303 3935 ex
325 3869 380 3955 XI,
394 3869 459 3935 938
476 3869 514 3952 Β,
538 3870 597 3936 ubi
620 3873 727 3955 γραφὴ
751 3873 937 3944 κακοδικίας
969 3910 1010 3919 -
1043 3893 1144 3959 quam
1166 3870 1334 3957 publicam
1357 3893 1430 3939 esse

262 3997 399 4043 causam
414 3977 523 4043 clucet
538 3997 579 4042 ex
595 3977 705 4044 verbis
721 3980 900 4062 γραφέσθω
924 3981 942 4043 ὁ
961 3980 1225 4063 βουλόμενος
1238 4017 1283 4027 -
1298 3978 1431 4045 selectis

170 4086 173 4091 ’
260 4083 423 4149 iudicibus
446 4083 580 4149 iubetur
603 4083 698 4150 tradi.

270 4373 274 4382 ,
349 4283 368 4386 64γ
388 4315 563 4372 τσο-νοτε.
582 4314 707 4381 nacco
727 4315 797 4370 cuo.
817 4316 962 4372 serunt.
981 4317 1001 4379 1,
1011 4314 1078 4383 σιω
1097 4317 1163 4372 eus.
1183 4318 1224 4373 st.
1237 4334 1263 4373 u.
1277 4317 1310 4373 n.
1323 4316 1356 4371 A.
1369 4315 1429 4372 aso.
