3292 5017
683 379 906 444 ..35-

205 576 316 643 quem,
349 557 503 644 quamvis
535 576 593 643 per
615 555 795 622 Aristidem
817 555 926 621 infimi
939 575 1080 641 quoque
1108 575 1229 622 census
1252 540 1380 622 civibus

141 726 146 733 .
205 663 335 729 aditum
359 662 568 749 patefactum
583 683 657 729 esse
673 663 745 729 veri
766 662 810 728 sit
833 661 1182 748 simile‚1)tamenpro
1199 663 1288 728 certo
1303 662 1381 729 licet

206 790 328 854 negare
351 769 402 835 ita
424 789 498 836 esse
522 769 752 857 compositum,
786 772 826 834 ut
857 789 900 834 ex
930 767 1069 852 singulis
1100 766 1263 834 classibus
1292 768 1380 834 idem

205 875 328 942 civium
351 896 510 942 numerus
534 875 569 942 in
593 898 670 943 eum
686 874 915 959 adhiberetur3
939 896 981 942 ex
1004 874 1158 941 tribubus
1174 874 1286 961 potius
1309 875 1380 940 sin-

205 980 292 1066 gulis
319 981 463 1049 Athenis
496 982 722 1069 quinquageni
752 981 1044 1049 constituebantur
1074 982 1282 1064 senatores.⁹)
1335 981 1381 1046 Ut

205 1088 352 1155 breviter
375 1087 493 1155 deinde
521 1088 774 1177 perstringatur,
803 1109 949 1175 quonam
971 1090 1069 1175 pacto
1092 1091 1249 1154 senatum
1271 1086 1380 1173 philo-

205 1194 331 1281 sophus
346 1195 457 1279 fingat
473 1196 681 1281 conformari,
705 1197 795 1262 intra
809 1197 970 1283 quattuor
985 1194 1056 1261 dies
1072 1215 1247 1260 numerum
1264 1214 1380 1280 quem·

206 1299 290 1368 libet
313 1300 436 1368 civium
458 1301 553 1369 iubet
576 1301 682 1386 deligi.
721 1303 793 1384 Quo
811 1323 853 1368 ex
877 1322 1013 1367 numero
1032 1301 1149 1388 quinto
1173 1300 1380 1367 comitiorum

207 1407 259 1474 die
283 1411 443 1475 centenos
474 1414 653 1493 octogenos
685 1430 727 1475 ex
757 1408 897 1493 singulis
929 1407 1091 1475 classibus
1115 1428 1189 1474 esse
1212 1406 1379 1490 eligendos

207 1517 309 1602 atque
333 1536 375 1581 ex
397 1515 450 1582 his
475 1516 609 1583 demum
633 1514 802 1582 dimidiam
825 1518 955 1602 partem
978 1517 1067 1581 sorte
1091 1512 1286 1580 ducendam.

293 1620 415 1688 Nostro
438 1623 540 1707 igitur
562 1622 633 1689 iure
656 1622 745 1689 hanc
768 1625 908 1689 senatus
938 1621 1104 1687 formandi
1130 1619 1294 1687 rationem
1317 1641 1379 1686 no-

203 1729 332 1795 minare
356 1750 535 1816 possumus
557 1732 719 1815 κλήρωσιν
741 1733 778 1795 ἐκ
797 1730 1011 1814 προκρίτων.)

295 1835 437 1902 Athenis
462 1840 634 1903 senatores
657 1840 746 1904 sorte
770 1837 973 1903 constitutos
1001 1856 1074 1901 esse
1098 1836 1233 1901 constat
1255 1854 1378 1921 eosque

204 1962 273 2008 non
288 1942 323 2007 in
340 1942 505 2026 contione,
529 1982 574 1991 -—
592 1943 627 2010 id
642 1944 732 2031 quod
747 1942 923 2009 Platonem
937 1943 1125 2029 praecipere
1142 1958 1185 2007 ex
1199 1941 1274 2007 tota
1289 1939 1378 2007 illius

204 2049 251 2114 rei
275 2049 495 2136 descriptione
517 2048 592 2116 luce
616 2049 736 2117 elarius
753 2052 894 2137 apparet
915 2087 959 2096 —
983 2049 1040 2115 sed
1064 2048 1099 2114 in
1123 2051 1255 2132 ἀγοραῖς
1273 2068 1377 2134 pago·

190 2149 311 2240 'rum.⁴)
334 2194 377 2205 --
402 2156 500 2222 Omni
524 2145 638 2223 autem
664 2178 705 2223 ex
728 2160 822 2244 parte
847 2156 1071 2223 Athenienses
1098 2156 1250 2221 imitatur
1271 2154 1378 2240 philo·
1453 2245 1456 2252 Ι

202 2264 331 2349 sophus
365 2284 414 2347 eo,
451 2264 539 2350 quod
575 2264 664 2331 cives
699 2266 788 2330 sorte
824 2262 956 2349 ductos,
992 2265 1175 2349 antequam
1209 2260 1377 2327 senatorio

203 2369 415 2436 ascribantur
430 2369 543 2454 ordini,
559 2369 654 2436 iubet
668 2370 809 2457 probari,
828 2390 929 2457 quam
945 2371 1133 2453 δοκιμασίαν
1150 2387 1235 2452 eum,
1260 2387 1376 2453 quarn-

203 2474 256 2541 vis
269 2475 340 2563 ipse
355 2476 443 2543 hanc
454 2497 525 2543 rem
541 2476 673 2544 silentio
689 2477 945 2563 praetermittat,
961 2479 1077 2543 tamen
1088 2473 1344 2542 Atheniensium
1354 2476 1376 2557 ὅ)

201 2581 366 2667 probandi
382 2586 523 2650 senatus
539 2584 660 2650 rationi
676 2584 914 2651 convenienter
933 2573 1045 2650 coram
1060 2584 1181 2648 senatu
1198 2580 1376 2668 superioris

203 2689 285 2754 anni
307 2689 402 2776 velle·
424 2690 565 2776 institui,
602 2689 756 2778 equidem
777 2692 848 2758 veri
879 2689 963 2756 duco
994 2688 1204 2756 simillimum.
1260 2685 1376 2774 Neque

204 2797 314 2863 minus
337 2796 467 2883 patriae
491 2798 634 2864 servatis
650 2797 749 2863 rebus
765 2797 935 2885 praecipit,
957 2796 1044 2862 utin
1062 2808 1188 2861 annum
1203 2795 1376 2860 senatores

202 2903 455 2970 constituantur
471 2902 594 2985 lustu:
611 2906 754 2977 ’τούτους
766 2906 795 2968 d'
808 2904 886 2969 εἶναι
907 2904 971 2969 τὸν
987 2903 1159 2969 ἐνιαυτὸν
1174 2902 1375 2987 βουλευτάς).

294 3008 404 3090 Quid?
435 3009 522 3098 quod
555 3011 698 3076 eundem
729 3012 832 3097 atque
864 3009 954 3094 leges
981 3010 1112 3075 Atticas
1142 3007 1239 3073 finire
1268 3006 1376 3093 philo·

200 3115 347 3202 sophum
378 3117 502 3184 aetatis
533 3117 722 3202 terminum,
755 3139 776 3184 a
806 3138 872 3203 quo
903 3117 1021 3204 cuique
1052 3114 1164 3181 aditus
1193 3116 1311 3201 pateat
1340 3113 1376 3181 in

205 3225 370 3306 senatum,
403 3245 445 3289 ex
473 3224 582 3291 765ss
614 3224 766 3308 colligere
796 3224 888 3308 licet,
920 3223 977 3289 ubi
1007 3226 1062 3295 ἐἰς
1089 3222 1213 3307 ἀρχὰς».
1230 3271 1260 3285 ..
1284 3222 1376 3305 ἀνδρὶ

201 3332 381 3413 τριάκοντα’
413 3327 501 3398 certe
533 3335 584 3416 ἔτη
617 3334 830 3414 statuuntur3
865 3350 973 3417 neque
1004 3333 1064 3413 est,
1099 3349 1157 3395 cur
1187 3326 1229 3393 ab
1262 3327 1375 3394 ordine

200 3435 370 3502 senatorio
401 3436 465 3503 hoc
494 3441 708 3525 praeceptum
739 3436 956 3521 abiudicetur,
988 3457 1027 3503 eo
1058 3435 1178 3519 minus,
1214 3434 1301 3521 quod
1331 3455 1374 3502 ne

201 3541 346 3608 Athenis
358 3541 492 3628 quidem
508 3544 635 3610 civibus
646 3526 785 3627 triginta
800 3543 898 3610 annis
910 3542 1091 3609 minoribus
1103 3541 1268 3608 senatoris
1279 3540 1376 3625 fungi

203 3669 339 3714 munere
362 3646 494 3715 licuisse
518 3651 737 3738 accepimus.⁰)
777 3650 823 3717 Ut
845 3671 940 3737 porro
956 3649 1212 3716 Atheniensium
1234 3650 1374 3715 senatus

293 3791 312 3861 ¹)
331 3790 395 3848 Scb.
408 3792 482 3863 Lips.
497 3792 543 3847 Gr.
556 3791 612 3848 Alt.
625 3793 646 3857 1,
658 3793 719 3849 356.

292 3880 312 3950 9)
330 3880 396 3937 Bus.
410 3880 451 3937 St.
464 3898 491 3937 u.
501 3881 535 3937 R.
547 3881 581 3936 A.
593 3880 655 3937 219.

292 3966 311 4037 1)
329 3969 439 4026 Wilam.
452 3969 499 4026 Ar.
512 3987 539 4026 u.
551 3968 618 4026 Ath.
631 3969 651 4036 1,
664 3970 707 4028 72.

229 4091 232 4097 Δ
291 4045 312 4125 4)
330 4057 409 4114 Paul.
421 4058 505 4115 Wiss.
518 4058 616 4126 v1283
636 4058 700 4116 Sch.
714 4060 788 4132 Lips.
803 4060 849 4117 Gr.
862 4060 918 4118 Alt.
932 4060 951 4126 1,
965 4060 1026 4116 397.

292 4145 311 4216 ὅ)
331 4146 402 4203 Gilb.
421 4147 567 4204 Steatsalt.
585 4147 679 4213 1‚2ou.

292 4235 312 4303 ο)
330 4234 407 4292 Paul.
414 4236 498 4292 Wiss.
507 4236 561 4291 1111
572 4236 655 4303 10233
668 4237 760 4294 Herm.
770 4238 805 4293 de
814 4238 940 4309 vestigiis
948 4239 997 4306 37;
1008 4237 1072 4294 Soh.
1080 4236 1206 4308 hipsGr.
1214 4235 1269 4291 Alt‘.
1277 4235 1296 4300 l,
1306 4232 1372 4301 3963

201 4317 275 4378 oilb.
289 4322 433 4379 Staatsalt.
445 4324 466 4390 Ι,
479 4325 540 4383 295.

1178 4415 1212 4471 31
