3292 5017
697 396 920 462 ..59-

223 572 368 659 quodam
391 572 489 639 modo
513 572 554 639 de
578 573 781 640 debitoribus
804 573 889 655 fisci,
913 594 998 660 quos
1021 572 1174 654 Athenis
1199 571 1303 639 donec
1326 572 1395 640 sol·

222 684 349 764 verant,
373 679 474 766 plena
497 683 602 765 ἀτιμίᾳ
625 683 761 747 notatos
785 702 860 747 esse
883 681 1031 767 supraw)
1055 679 1208 746 vidimus,

311 785 409 852 Nunc
432 785 663 854 describantur
686 786 837 872 singulae
861 808 993 853 causae.

312 894 540 977 Ἱεροσσλίαν
555 893 652 961 Plato
670 916 691 960 a
707 895 835 961 civibus
852 894 1063 961 commissam
1080 892 1147 978 (IX,
1160 893 1226 958 854
1235 893 1271 976 Ε)
1288 896 1394 959 morte

209 999 271 1066 ¹lui
294 1000 391 1066 iubet
412 1001 471 1082 ita,
502 1002 543 1066 ut
565 1021 684 1088 corpus
707 1001 831 1066 mortui
853 1004 948 1067 trans
971 1003 1079 1066 terrae
1101 999 1189 1066 fines
1212 999 1395 1068 traiciatur.

222 1105 274 1172 Ex
307 1108 378 1173 iure
401 1107 514 1174 Attico
550 1106 745 1191 sacrilegus·
765 1107 926 1193 supplicio
961 1106 1183 1191 afficiebatur,
1217 1106 1253 1172 in
1280 1106 1397 1172 Attica

224 1212 354 1300 sepeliri
377 1214 567 1295 vetabatur,
600 1216 671 1280 eius
702 1214 792 1280 bona
813 1213 1118 1300 publicabantur.⁷¹)
1164 1212 1274 1279 Causa
1295 1213 1398 1296 igitur

224 1323 398 1404 ἱεροσυλίας
421 1341 462 1389 ex
483 1320 635 1387 Platonis
658 1321 844 1407 praereptis
867 1341 936 1387 non
958 1321 1070 1387 minus
1090 1341 1192 1407 quam
1209 1318 1394 1402 exlegibus

223 1428 344 1495 Atticis
367 1430 421 1493 est
443 1430 599 1512 ἀτίμητος.
646 1427 728 1494 Cum
744 1426 886 1494 Athenis
909 1427 953 1493 ad
975 1426 1138 1494 heliastas
1162 1428 1290 1512 γραφὴν
1313 1430 1396 1511 ἱερο-

224 1536 331 1607 συλίας
366 1533 514 1601 delatam
549 1555 623 1601 esse
658 1536 933 1620 acceperimus,²¹)
956 1533 1053 1600 Plato
1089 1555 1164 1600 eam
1198 1533 1318 1600 iudicio
1353 1555 1396 1600 ex

224 1641 355 1708 selectis
378 1641 544 1708 iudicibus
568 1644 604 1707 et
624 1640 922 1728 nomophylacibus
946 1640 1128 1728 composito
1153 1640 1395 1707 decernendam

223 1747 310 1814 tradi
333 1748 417 1814 vult.

313 1872 403 1939 idem
440 1871 599 1939 iudicium
635 1872 731 1957 fingit
768 1874 820 1938 ius
859 1871 972 1940 dicens
1011 1871 1051 1938 de
1085 1874 1307 1957 μεταστάσει
1341 1870 1397 1937 vel
1442 1923 1444 1928 .

224 1982 425 2047 καταλύσει
462 1989 526 2066 τῆς
564 1982 807 2063 notaveram)
847 1980 1106 2046 Atheniensium
1140 1981 1305 2044 καταλύσει
1339 1986 1397 2044 τοῦ

225 2089 331 2171 δῆμον
347 2086 571 2173 respondenti,
589 2089 624 2154 et
639 2085 680 2153 de
695 2089 885 2172 προδοσίᾳ
901 2087 1011 2169 (856ss
1027 2093 1097 2170 ss.);
1122 2089 1300 2172 utrumque
1315 2106 1396 2152 vero

224 2193 334 2259 scelus
364 2193 507 2259 Athenis
538 2196 711 2278 εἰσαγγελίᾳ
742 2192 785 2260 ad
815 2193 976 2280 populum
1007 2192 1126 2260 deferri
1148 2191 1327 2276 solebat.⁷⁴)
1351 2230 1396 2239 —

197 2298 446 2385 ›Philosophus
477 2302 595 2383 sancit,
627 2305 667 2367 ut
698 2300 738 2367 de
770 2322 820 2384 σο,
852 2302 910 2388 qui
940 2303 1142 2373 καταλύσεως
1164 2308 1220 2385 τῇς
1242 2301 1397 2371 πολιτείας

224 2406 278 2471 vel
300 2409 475 2490 προδοσίας
509 2408 736 2492 convincatur,
769 2408 966 2495 supplicium
990 2413 1158 2489 sumatur,
1192 2405 1337 2472 Athenis
1359 2405 1394 2471 in

223 2512 317 2578 illum
354 2517 486 2601 praeter
524 2514 721 2602 supplicium
758 2516 873 2581 variae
911 2515 1176 2600 congerebantur
1209 2515 1395 2600 poenae32⁶t

224 2619 320 2685 velut
353 2623 457 2705 ἀτιμίᾳ
480 2622 674 2705 notabatur,
699 2643 786 2708 quae
810 2623 914 2688 etiam
937 2622 979 2688 ad
1003 2624 1154 2709 posteros
1177 2620 1249 2686 eius
1272 2620 1395 2685 transi·
1484 2653 1487 2660 .

224 2726 300 2811 bat,
335 2748 375 2793 ac
404 2728 480 2794 fieri
517 2732 639 2814 potest,
674 2733 715 2795 ut
753 2729 795 2796 de
833 2728 897 2795 hac
934 2749 969 2795 re
1008 2729 1131 2811 cogitet
1168 2727 1280 2807 Plato,
1320 2746 1397 2792 eum

225 2834 377 2918 (8560D)
412 2835 529 2901 iubeat
562 2836 693 2919 ’πατρὸς
723 2838 828 2920 ὀνείδη
859 2838 913 2901 καί
942 2840 1094 2920 τιμωρίας
1123 2837 1249 2900 παίδων
1282 2835 1397 2918 μηδενὶ
1499 2860 1503 2866 ·

225 2944 423 3017 ξυνέπεσθαι,
446 2943 529 3027 πλὴν
551 2944 607 3006 ἐάν
628 2968 685 3007 τινι
707 2943 812 3027 πατὴρ
835 2944 889 3007 καί
910 2946 1041 3015 πάτιτιος
1062 2944 1117 3008 καὶ
1139 2945 1273 3007 πάππου
1292 2941 1398 3024 πατὴρ

225 3049 339 3133 ἐφεξῆς
363 3050 486 3134 ὄφλωσι
508 3051 652 3114 θανάτου
677 3050 787 3133 diupo?

224 3209 437 3219 -——-—-—-—

314 3313 344 3383 ²⁰)
364 3314 399 3370 cf.
418 3332 445 3386 p.
458 3316 506 3382 563
526 3317 667 3371 Hermann
686 3316 729 3385 (de
746 3315 873 3385 vestigiis
891 3315 935 3385 71)
960 3316 1044 3386 igitur
1069 3318 1149 3379 errat,
1177 3331 1240 3368 cum
1257 3313 1397 3367 fiscalium

225 3402 383 3457 debitorum
410 3419 523 3473 poenas
550 3422 621 3476 quae
640 3405 773 3460 Athenis
786 3404 899 3470 fuerint,
926 3405 1075 3459 Platonem
1103 3404 1180 3458 dicat
1206 3404 1235 3457 in
1263 3419 1320 3467 eos,
1349 3402 1397 3474 qui

225 3492 341 3562 privatis
360 3492 487 3558 debeant,
507 3494 666 3560 transferre,
691 3494 837 3548 fiscalibus
860 3497 956 3548 autem
981 3493 1128 3564 capitalem
1147 3509 1268 3563 poenam
1285 3492 1395 3559 minari;

224 3596 316 3652 neque
344 3582 417 3635 enim
444 3580 527 3634 Plato
554 3582 595 3648 iis,
625 3584 671 3655 qui
700 3579 816 3654 privatis
842 3582 953 3646 debent,
986 3581 1096 3649 ἀτιμίαν
1118 3579 1251 3644 καθάπαξ
1276 3581 1396 3651 imponit

225 3684 316 3740 neque
335 3687 453 3742 usquam
472 3670 612 3727 debitores
629 3672 694 3728 fisci
712 3690 746 3727 ex
765 3672 922 3744 praeceptis
940 3671 1100 3743 philosophi
1112 3671 1211 3741 capitis
1223 3671 1398 3724 damnandos

226 3772 287 3812 esse
305 3763 430 3830 apparet.

316 3847 345 3917 ⁷¹)
365 3849 457 3903 Herm.
477 3849 512 3903 de
529 3850 655 3919 vestigiis
673 3851 720 3918 59;
739 3852 799 3907 Att.
817 3852 898 3906 Proc.
916 3850 977 3906 459.

314 3937 345 4002 ⁷¹}
364 3937 410 3994 ibi.
428 3938 490 3994 376.

315 4025 346 4095 ’θλ
365 4026 444 4081 Hanc
461 4026 576 4097 attingit
594 4026 676 4082 Plato
696 4030 781 4083 etiam
798 4028 841 4083 De
860 4029 928 4099 Rep.
948 4027 1093 4094 mmcd.

315 4114 345 4184 ²⁴)
366 4115 436 4170 Gilb.
465 4116 611 4172 Staatsalt.
630 4116 650 4182 1,
660 4116 727 4183 e41;
758 4118 834 4188 Lips.
859 4117 919 4173 Att.
944 4117 1081 4173 Rechtu.
1100 4116 1275 4173 Rechtsverf.
1294 4114 1398 4182 1‚192;

224 4201 284 4259 Att.
303 4202 384 4259 Proc.
401 4204 463 4261 421.

315 4293 344 4363 ²⁶)
364 4294 428 4349 ibid.
446 4293 513 4360 422;
532 4293 696 4359 Thonissen‚
716 4295 790 4348 droit
807 4295 890 4366 penal
910 4296 970 4353 168.
