3292 5017
696 427 920 493 -77-

221 607 396 689 εἰσαγγελία
419 608 597 676 κακώσεως
620 606 783 689 ὀρφανῶν,
808 585 897 670 omni
921 606 1081 690 exparte
1105 602 1145 670 ad
1171 605 1224 670 ius
1247 604 1402 671 Atticum

221 710 515 779 accommodantur
552 711 703 779 Platonis
750 712 791 779 de
831 715 902 797 δίκῃ
923 697 925 699 .
949 716 1181 797 ἐπιτροπῆς
1218 717 1403 799 praecepta.

222 817 388 903 (928OD),
420 817 486 885 nisi
509 818 597 905 quod
619 819 709 886 hane
730 819 823 886 litem
846 840 915 886 non
943 818 1051 885 solum
1074 819 1110 885 in
1133 823 1263 886 tutores
1285 819 1403 886 inferri

222 924 304 1007 vult,
328 946 444 991 verum
468 926 571 992 etiam
594 926 629 992 in
653 927 897 1009 magistratum,
923 927 976 992 oui
996 925 1195 1012 pupillorum
1211 947 1292 992 cura
1307 946 1402 992 eom-

220 1032 325 1099 missa
348 1033 401 1098 sit.
447 1031 493 1099 Ut
515 1054 558 1099 ex
581 1054 645 1100 usu
668 1032 792 1099 forensi
807 1033 1129 1113 Atheniensiumstn
1153 1032 1204 1098 ita
1226 1054 1269 1099 ex
1289 1031 1402 1119 philo·

223 1137 319 1226 sophi
342 1139 556 1206 institutione
587 1142 677 1223 ἀγὼν
699 1139 755 1205 ille
787 1142 841 1206 est
862 1142 1000 1225 τιμητός,
1030 1139 1065 1205 id
1088 1138 1177 1225 quod
1200 1138 1404 1226 perspicitur

222 1268 265 1313 ex
288 1245 399 1311 verbis
423 1249 526 1330 ’τιμᾶν
548 1247 583 1312 τὸ
608 1249 818 1331 δικαστήριον,
850 1249 919 1312 ὅτι
941 1248 1003 1331 χρὴ
1036 1249 1153 1312 παθεῖν
1176 1250 1196 1330 ἢ
1220 1248 1402 1312 ἀποτίνειν..

220 1352 398 1419 Praeterea
434 1351 542 1436 legem
580 1355 717 1420 secutus
756 1355 905 1421 Attieam
944 1353 1054 1419 sancit
1087 1352 1195 1437 Plato,
1235 1356 1274 1418 ut
1307 1353 1404 1417 intra.

221 1459 570 1546 quinquennium
607 1462 686 1546 post
723 1461 866 1526 tutelam
907 1461 1038 1525 finitam
1084 1463 1254 1544 ἐπιτροπῆς
1299 1479 1403 1542 agere

220 1564 344 1653 pupillo
368 1564 530 1650 liceat.¹⁸⁰)
1009 1639 1013 1646 ,

305 1675 455 1758 Ἀποκή
465 1679 595 1757 ροξιν,
612 1695 699 1761 quae
715 1675 917 1762 explanatur
928 1675 1031 1741 9281]
1045 1695 1098 1756 ss,
1115 1676 1260 1740 tractare
1276 1692 1404 1759 operae

221 1799 290 1846 non
304 1780 449 1865 pretium
465 1784 527 1865 est,
545 1782 703 1867 quoniam
715 1783 773 1846 vix
790 1780 972 1868 quidquam
989 1780 1070 1847 eerti
1086 1780 1127 1846 de
1139 1779 1402 1846 Atheniensium

221 1886 285 1952 hae
309 1907 413 1953 eausa
436 1887 623 1972 seimus.1⁸¹)

310 1991 397 2059 Huic
420 1996 491 2079 δίκῃ
509 1995 687 2081 opponitur
710 1996 781 2080 δίκη
805 1998 1057 2079 παρανοίας,
1081 2014 1182 2080 quam
1202 1992 1293 2058 iilius
1309 1993 1399 2078 patri

221 2104 334 2167 mente
359 2103 455 2187 eapte
479 2100 652 2168 intendere
681 2104 803 2188 potest.
849 2101 983 2168 Patriae
1011 2099 1135 2183 legista
1160 2099 1404 2167 convenienter

220 2208 381 2294 praecipit
405 2207 500 2273 Plato
525 2206 656 2292 192911),
691 2211 739 2291 ut,
777 2209 833 2295 qui
866 2212 964 2294 pater
993 2207 1058 2273 heo
1093 2227 1197 2273 eausa
1231 2205 1397 2289 eeeiderit,

221 2314 316 2400 eopia
327 2313 520 2400 priveturin
532 2316 703 2401 posterum
711 2314 759 2380 rei
768 2336 851 2381 suae
859 2313 1033 2381 familiaris
1047 2312 1402 2396 administrandae.¹⁸⁸l

309 2421 510 2487 Κάκωσιν
538 2425 698 2504 γονέων
723 2422 921 2522 (93211711)
945 2421 1039 2487 inse
1064 2419 1284 2487 admittentes
1307 2419 1403 2485 filios

220 2526 434 2612 tricesimum,
473 2527 563 2595 filias
602 2528 894 2616 quadragesimum
934 2528 1067 2594 demum
1106 2526 1231 2593 aetatis
1270 2546 1400 2593 annum

221 2654 372 2717 egressas
402 2633 438 2699 in
460 2635 514 2701 ius
544 2634 638 2701 iubet
660 2635 774 2701 vocari
805 2633 1033 2722 philosophus
1070 2634 1157 2720 quod
1180 2634 1403 2720 praereptum

221 2740 264 2806 ab
277 2740 533 2808 Atheniensium
546 2742 787 2808 consuetudine
798 2741 931 2808 videtur
943 2741 1090 2808 alienum
1106 2762 1189 2806 esse.
1212 2738 1397 2826 Amplecti-

222 2936 280 3004 (iur.
300 2937 374 2993 dom.
394 2953 485 3006 oomp.
498 2936 550 3005 33).
588 2935 692 2990 Contra
709 2936 875 2991 Schulthess
892 2936 925 3006 (V
927 2936 1104 2991 ormundsoh.
1117 2935 1171 2990 214
1179 2935 1225 3005 ss.)
1245 2936 1274 2988 et
1286 2934 1403 3004 Lipsius

222 3024 288 3092 (Att.
302 3026 382 3080 Proe.
396 3025 451 3080 300
468 3042 494 3081 n.
508 3024 569 3093 294)
588 3024 708 3080 Athenis
726 3026 815 3080 actori
834 3025 907 3079 hano
925 3041 1040 3079 oaumm
1059 3024 1198 3078 obtinenti
1217 3040 1251 3078 ex
1270 3023 1362 3077 multa
1379 3041 1397 3077 a

221 3128 269 3166 reo
289 3112 383 3167 soluta
400 3113 595 3183 praemium
613 3130 676 3168 esse
694 3114 831 3168 tributum
850 3113 1034 3184 suspieentur.

311 3202 353 3271 ¹⁷⁹]
372 3203 431 3259 Att.
444 3203 524 3259 Proe.
538 3203 605 3270 5633
624 3201 776 3267 Beauohet‚
797 3202 871 3257 droit
888 3202 966 3273 priva
983 3203 1016 3267 11,
1030 3201 1092 3257 309.

311 3291 353 3361 ¹⁸⁰)
371 3292 464 3348 Herm.
477 3294 527 3348 iur.
538 3292 611 3348 dom.
622 3307 712 3362 comp.
726 3292 775 3358 333
794 3291 886 3348 Herm.
894 3291 993 3346 Thalh.
1001 3292 1034 3347 R.
1045 3292 1078 3345 A.
1093 3290 1125 3345 16
1137 3289 1202 3356 n.4;
1223 3288 1396 3355 Sohulthess,

221 3379 425 3437 Vormundsoh
438 3380 498 3437 2⁴0.

311 3469 353 3540 ¹⁸1)
372 3468 437 3525 ibid.
449 3469 498 3535 413
517 3471 595 3527 Paul.
609 3471 694 3527 Wiss.
706 3470 738 3536 1²,
759 3469 896 3541 aenean
922 3470 981 3525 Ate.
996 3470 1075 3525 Proo.
1089 3468 1193 3540 hss‘lsq.
1229 3467 1294 3522 Non
1312 3467 1402 3537 igitur·

221 3559 341 3614 Athenis
367 3554 525 3629 ἇπονήρνξιε
550 3569 610 3614 tam
638 3559 696 3613 late
723 3560 850 3629 patebat,
877 3576 961 3629 quam
989 3575 1051 3613 eam
1078 3557 1220 3612 Hermann
1244 3556 1302 3626 (iur.
1321 3556 1396 3612 dom.

222 3663 311 3717 oomp.
327 3648 360 3703 15
379 3664 405 3703 n.
419 3647 462 3717 47)
491 3664 526 3702 ex
543 3647 622 3704 Dem.
642 3648 704 3704 adv.
725 3648 825 3703 Boeot.
839 3647 906 3713 Lea
924 3665 950 3718 p.
966 3647 1044 3714 1006,
1055 3646 1091 3701 20
1117 3646 1242 3717 patuisse
1268 3644 1396 3715 eollegit;

222 3735 256 3791 oi.
270 3737 328 3791 Att.
342 3736 422 3793 Proe.
436 3736 488 3792 535
507 3752 533 3792 n.
549 3735 607 3792 116.
635 3736 677 3792 Aa
688 3736 772 3791 nimis
783 3737 917 3791 audaeter
926 3735 1071 3790 Caillemer
1090 3735 1171 3804 (droit
1189 3735 1224 3789 de
1237 3734 1401 3790 succession'

220 3823 316 3896 24sq.)
336 3825 463 3880 Platonis
481 3826 515 3880 de
533 3823 691 3895 ἅπαιηρύξει
710 3828 861 3896 praesepta
879 3841 943 3879 oum
961 3825 1021 3880 iure
1033 3825 1129 3879 Attico
1141 3824 1225 3895 plane
1243 3838 1397 3893 congruere

221 3914 384 3983 suspioatur.

311 4002 353 4071 ¹⁸⁹)
372 4003 464 4060 Herm.
483 4004 532 4059 iur.
553 4003 627 4059 dom.
641 4019 730 4072 oomp.
746 4002 778 4057 15
789 4020 845 4074 sq.;
877 4005 936 4058 Att.
950 4003 1030 4058 Proe.
1045 4002 1112 4069 566;
1142 4002 1235 4057 Herm.
1248 3999 1348 4055 Phalh.
1361 3999 1395 4056 R.

221 4092 254 4147 A.
270 4091 316 4157 173
335 4090 487 4155 Beauohet
507 4092 582 4146 droit
599 4091 678 4162 priva
695 4092 728 4158 11,
739 4092 801 4148 383.

311 4180 353 4250 ¹⁸⁸)
372 4180 513 4235 Hermann
532 4182 589 4250 liur.
603 4180 677 4236 dom
691 4195 782 4251 comp.
796 4180 838 4251 161
857 4180 933 4235 illam
952 4197 1065 4252 quoque
1077 4180 1176 4250 legem,
1196 4195 1251 4251 qua
1269 4177 1401 4233 anantes

220 4270 369 4324 iubeantur
395 4287 413 4324 a
440 4269 602 4341 propinquis
630 4269 659 4323 in
689 4270 804 4324 aedibus
831 4270 944 4324 retineri
963 4269 1100 4338 (934011),
1128 4268 1248 4324 Athenis
1274 4265 1401 4327 valuisse.

221 4359 360 4429 opinatur.
